3076 4762
646 293 862 360 ..43-

187 471 385 554 suspioiones
401 469 503 553 drmit,
519 481 598 554 quas
614 465 797 531 deotissime
813 466 947 531 reffellit
962 487 1000 531 ao
1015 464 1180 551 redarguit
1195 467 1234 533 Ο.
1246 466 1325 532 Mei·

188 575 329 640 nertnius
353 574 388 655 (l.
413 596 439 639 e.
462 595 494 659 p.
520 574 560 638 13
582 570 655 656 sq).

291 695 441 780 Denique
463 694 560 760 Ribb.
593 698 780 777 „protegere
809 689 954 756 oausam“
990 689 1068 756 dure
1096 712 1168 757 esse
1193 691 1323 775 oonjun-

189 805 275 864 etum
290 799 479 882 arbitratur3
503 798 560 862 sed
576 797 616 862 oi.
632 797 691 878 III,
717 795 793 860 170:
817 789 911 880 (duro
928 795 1083 894 ououllo);
1105 795 1197 878 VIII,
1223 797 1240 860 1
1257 815 1324 881 sq:

189 903 299 988 (longo
323 902 510 987 sanguine);
535 908 594 967 eto.

293 1025 383 1100 Quae
413 1043 509 1108 porro
531 1022 629 1087 Ribb.
661 1021 701 1086 de
730 1021 892 1085 sententia
914 1032 1063 1085 versuum
1086 1021 1211 1086 39-41
1238 1022 1316 1086 dicit

189 1129 284 1193 faoile
307 1127 509 1192 refelluntur.
545 1123 761 1209 Suspiciones,
785 1145 864 1209 quss
887 1124 1024 1197 erariis
1048 1125 1325 1208 conjunctionibus

189 1232 380 1319 oopuletivis
404 1231 526 1314 (atque,
550 1234 592 1312 et,
616 1226 691 1314 que)
715 1229 821 1312 sumit,
844 1230 1018 1294 tolluntur:

164 1337 481 1419 ·mssfflw

292 1463 324 1521 et
345 1475 446 1520 vaouo
469 1455 643 1540 olausoque
667 1459 784 1519 sonant
806 1453 877 1517 fora
899 1455 969 1518 sols
991 1455 1119 1520 theatro

292 1565 389 1643 atque
412 1580 432 1623 a
453 1557 598 1641 Plebejis
621 1557 717 1641 longe
739 1557 966 1642 Megalesia..
985 1605 993 1622 .
1011 1606 1018 1623 .

191 1681 253 1748 287
278 1703 334 1746 ss:

293 1783 481 1870 praestabat
505 1790 608 1847 oastas
631 1781 761 1846 humilis
785 1781 913 1847 fortuna
936 1783 1055 1848 latinas

292 1887 463 1973 quondam,
486 1907 546 1950 neo
568 1886 654 1949 vitiis
678 1885 821 1970 contingi
844 1868 960 1982 parvul
983 1888 1134 1952 sinebant
1262 1818 1295 1926 ‘l

291 1996 379 2057 teeta
400 1990 494 2056 labor
516 1989 682 2073 somnique
704 1989 819 2054 breves
844 1994 877 2053 et
898 1991 1021 2054 vellere
1044 1992 1149 2056 Tusoo

216 2133 219 2142 ι
294 2100 432 2158 vexatae
456 2094 619 2176 duraeque
642 2114 756 2157 manus
779 2115 817 2158 ao
839 2095 1004 2178 proximus
1026 2094 1099 2162 urbi

291 2199 459 2263 Hannibal
483 2203 516 2260 et
538 2203 662 2262 stantes
686 2198 816 2263 Collina
839 2203 926 2262 turre
949 2199 1067 2264 mariti.

189 2317 254 2383 297
266 2341 273 2382 :

290 2421 399 2506 Atque
423 2430 609 2489 coronatum
632 2430 664 2489 et
686 2423 837 2508 petulans
860 2421 1088 2507 madidumque
1111 2423 1297 2486 Tarentum.

189 2527 281 2608 VIII,
308 2526 369 2592 169
393 2547 456 2611 sq.:

291 2634 434 2694 maturus
457 2629 545 2693 bello
567 2629 742 2695 Armeni-ae
767 2632 947 2715 Syriaeque
971 2629 1098 2695 tuendis

224 2751 225 2754 ’
292 2733 439 2798 omnibus
462 2739 496 2797 et
516 2733 632 2798 Rheno
657 2738 754 2819 atque
776 2735 876 2817 Istro;

188 2835 253 2905 255
276 2859 335 2901 ss.:

248 3007 253 3016 ,
289 2961 347 3026 pro
370 2940 447 3004 totis
469 2939 651 3024 legionibus
675 2941 710 3004 hi
732 2946 841 3005 tamen
865 2947 898 3005 et
920 2960 978 3026 pro

291 3045 438 3110 omnibus
462 3044 590 3109 auxiliis
614 3050 709 3129 atque
733 3046 819 3109 omni
841 3044 926 3130 pube
949 3045 1067 3108 Latina

288 3149 450 3214 sufficiunt
473 3147 523 3212 dis
545 3149 680 3212 infernis
702 3153 871 3234 terraeque
894 3148 1031 3232 parenti.

187 3251 245 3333 XI,
272 3253 331 3318 106
355 3275 420 3338 sq.:

290 3376 328 3419 ao
349 3357 468 3421 nudam
491 3355 631 3440 effigiem
654 3355 757 3439 olipeo
780 3355 940 3420 venientis
964 3360 996 3419 et
1018 3355 1114 3420 hasta

290 3458 524 3546 pendentisque
548 3461 601 3525 dei
623 3460 766 3546 perituro
790 3459 975 3523 ostenderet
997 3459 1093 3524 hosti.

186 3577 322 3644 Warum
345 3579 438 3662 aber,
471 3581 569 3646 Ribb.
592 3582 786 3664 interrogat,
820 3600 914 3662 werp
937 3580 1026 3644 nieht
1048 3601 1102 3644 um
1125 3579 1182 3643 des
1205 3576 1325 3670 Verses

184 3682 310 3765 willen‚
345 3685 387 3748 ist
414 3705 471 3748 aus
493 3705 643 3748 unserem
664 3685 793 3749 Rutilus
817 3684 972 3769 plotzlioh
996 3684 1048 3747 ein
1072 3683 1179 3747 Pollio
1203 3703 1324 3768 gewor-

184 3785 272 3850 den?
306 3786 504 3852 Monendum
526 3795 575 3852 est
597 3789 744 3874 primum,
767 3793 911 3873 poetam,
935 3787 996 3851 etsi
1017 3786 1165 3851 Rutilum
1187 3792 1250 3870 ter,
1274 3787 1321 3867 (in

184 3910 213 3954 v.
237 3891 267 3972 2,
290 3889 322 3974 5,
344 3889 410 3973 21),
434 3891 588 3974 nominat,
611 3897 720 3956 temen
742 3891 781 3956 de
805 3891 951 3956 omnibus
974 3889 1024 3953 sui
1046 3890 1202 3975 temporis
1223 3890 1323 3954 nebu-

185 3995 323 4077 lonibus,
347 3995 402 4079 qui
424 3995 510 4059 ultra
530 3995 615 4060 vires
639 4001 783 4080 sumptus
800 3995 931 4076 facient,
953 3999 1022 4058 toto
1038 3995 1202 4079 prooemio
1218 3995 1322 4079 loqui;

186 4118 284 4183 quere
307 4099 341 4162 in
363 4121 393 4164 r.
419 4099 447 4163 1.
470 4098 609 4181 Atticus,
631 4099 665 4162 in
688 4119 717 4162 v.
733 4099 785 4163 22.
809 4097 992 4180 Ventidius,
1014 4103 1150 4184 uterque
1173 4097 1264 4163 dives
1287 4120 1324 4163 ao

185 4203 385 4285 luxuriosus,
409 4203 625 4288 appellantur.
669 4201 798 4266 Deinde
820 4202 1012 4268 Iuvenalem
1036 4202 1165 4286 saepius
1188 4202 1323 4266 nomini·

186 4308 245 4372 bus
268 4308 407 4393 propriis
429 4309 609 4394 promisoue
631 4307 694 4388 uti,
720 4327 912 4391 quamquam
934 4307 969 4371 in
991 4306 1082 4372 initio
1106 4312 1228 4371 oertsm
1250 4327 1322 4390 per-

185 4434 296 4478 sonam
318 4412 410 4497 fingit
433 4433 468 4477 se
491 4411 622 4497 alloqui,
647 4409 763 4496 probat
785 4412 845 4474 sat.
860 4409 919 4494 VI,
942 4409 1011 4492 (ubi
1026 4409 1232 4495 Posthumus,
1254 4415 1322 4476 tum
