3076 4762
676 307 949 392 *κω

220 487 412 563 erubescunt
434 488 520 563 omni
542 497 663 585 pudore
686 499 798 564 relicto
822 520 881 565 sua
903 509 1019 586 sponte
1035 499 1067 566 in
1084 491 1168 568 ludis
1183 497 1350 590 praetoris,

219 603 339 667 celsam
360 601 470 666 sedem
492 603 525 667 in
548 601 632 666 ludis
655 603 846 686 obtinentis,
881 605 931 669 cui
964 626 1019 670 eos
1046 608 1182 690 cogendi
1211 610 1261 674 fas
1287 629 1351 675 non

220 713 281 788 est,
316 705 429 771 funera
459 727 517 771 sua
544 705 695 770 vendere.
741 706 848 782 Quare
876 707 1057 772 Heinrichii
1087 713 1264 796 sententia,
1299 715 1352 798 qui

218 810 304 873 hunc
324 828 451 874 versum
474 809 700 874 antecedentia
731 809 925 893 amplificare
955 817 988 875 et
1015 833 1075 896 per
1104 813 1236 899 litoten,
1271 837 1352 900 quae

219 911 347 994 dicitur,
376 914 575 978 enuntiatum
598 935 669 978 esso
693 914 728 994 (l.
751 935 777 979 c.
801 934 832 999 p.
856 913 932 996 337)
950 915 1089 998 judicat,
1118 919 1258 983 maxime
1280 942 1352 1006 pro-

218 1016 337 1081 babilis
359 1023 417 1080 est.
467 1016 652 1098 ,Vendere“
690 1024 739 1082 ter
765 1019 904 1100 positum
931 1021 1017 1084 omni
1044 1021 1222 1086 offensione
1254 1029 1352 1106 caret,
1396 1093 1397 1098 ,

219 1141 316 1204 quum
337 1118 506 1185 Juvenalis
535 1122 718 1186 vehementi
750 1122 888 1206 quodam
922 1125 1021 1188 animi
1049 1126 1172 1208 impetu
1201 1125 1351 1189 incitatus

219 1225 347 1307 saepius
370 1223 457 1287 idem
479 1224 612 1289 verbum
634 1230 782 1310 repetere
805 1227 909 1291 soleat
919 1225 952 1307 ¹).

218 1329 256 1392 In
276 1327 458 1412 judicandis
481 1328 626 1393 versibus
649 1329 713 1395 202
735 1351 799 1414 sq.:

323 1431 455 1495 damnat
478 1433 564 1496 euim
588 1433 671 1497 tales
694 1432 839 1517 habitus,
862 1439 895 1498 et
917 1433 1050 1499 damnat
1073 1441 1107 1499 et
1128 1434 1205 1506 odit.

320 1557 381 1600 nec
403 1536 498 1618 galea
520 1536 636 1601 faciem
659 1535 841 1620 abscondit3
864 1544 972 1601 movet
995 1558 1069 1602 ecce
1092 1539 1276 1620 tridentem,

217 1640 255 1704 B.
278 1639 361 1724 Lupi
384 1639 563 1703 sententiae
586 1641 684 1722 plane
707 1659 765 1703 nos
788 1640 937 1704 assentiri
964 1640 1160 1705 confitemur.
1199 1642 1353 1706 Miramur

219 1744 323 1825 enim,
345 1743 553 1826 Paldamum,
576 1743 786 1828 Rupertium,
808 1743 1032 1808 Heinriehium
1053 1744 1153 1808 verbo
1180 1743 1349 1823 „damnat“

217 1848 267 1912 his
290 1847 395 1933 posito
420 1846 560 1930 offendi,
589 1867 687 1931 quum
707 1847 889 1911 noverimus
912 1852 1046 1931 poetae,
1080 1848 1108 1912 si
1130 1847 1353 1930 indignatione

218 1951 356 2036 quadam
369 1957 615 2033 commoveatur,
632 1951 777 2034 ejusdem
791 1952 881 2016 verbi
897 1951 1065 2037 repetendi
1081 1950 1353 2016 consuetudinem.

218 2056 304 2120 Sane
326 2054 427 2118 verba
453 2075 531 2135 ,nec
553 2055 649 2138 galea
671 2055 787 2119 faciem
810 2055 996 2119 abscondit“
1023 2057 1130 2139 aptius
1154 2076 1224 2120 cum
1246 2055 1353 2118 verbis

221 2151 302 2238 ,nec
321 2158 425 2242 clipeo
449 2159 581 2242 supina“
619 2159 869 2243 conjunguntur,
904 2158 961 2223 sed
991 2179 1009 2223 e
1038 2160 1107 2224 lata
1137 2159 1276 2224 dictione
1298 2158 1354 2223 Ju-

217 2262 341 2326 venalis
365 2263 518 2346 sequitur,
540 2281 592 2326 res
614 2268 684 2326 arte
709 2263 918 2327 cohaerentes
941 2268 997 2327 aut
1011 2263 1177 2347 oppositas
1192 2283 1256 2325 non
1273 2283 1355 2326 sern-

216 2385 276 2450 per
298 2366 446 2432 connecti
469 2371 525 2430 aut
547 2367 676 2450 opponi,
700 2364 733 2430 id
756 2365 841 2450 quod
857 2366 1013 2449 imprimis
1029 2366 1128 2428 satira
1142 2365 1173 2428 V
1188 2365 1352 2448 probatur.

652 2723 803 2832 Satira
836 2721 916 2830 lll.

136 2943 138 2952 ,
217 2884 307 2950 ab:

319 3007 377 3051 nos
401 2985 572 3071 colaphum
595 2986 766 3051 incutimus
790 2985 947 3050 lambenti
970 2983 1111 3049 crustula
1133 3001 1235 3064 servo,

217 3089 375 3173 quomodo
399 3111 469 3154 cum
492 3090 652 3172 versibus,
683 3091 738 3175 qui
761 3089 974 3171 antecedunt,
998 3090 1186 3169 cohaereat,
1210 3085 1267 3150 alii
1288 3084 1353 3148 alio

216 3192 310 3258 modo
350 3194 524 3278 explicant.
579 3193 712 3260 Minime
751 3192 844 3258 nobis
882 3194 990 3278 placet
1027 3192 1202 3276 explicatio
1235 3189 1355 3254 veteris

216 3297 426 3380 scholiastae,
450 3298 505 3382 qui
527 3296 710 3363 adnotavit:
749 3317 877 3378 ,servus
900 3297 1037 3383 colapho
1061 3295 1237 3379 percutitur
1258 3315 1278 3357 a
1299 3313 1355 3358 no·

215 3399 276 3483 bis,
300 3401 327 3464 si
341 3401 527 3486 placentam
542 3401 677 3484 linguat,
700 3401 828 3466 Rauola
843 3405 961 3482 autem,
978 3447 1162 3465 ........
1179 3397 1353 3481 impunitus

215 3503 364 3569 incedit.“
412 3504 513 3569 Recte
548 3503 634 3569 enim
663 3505 761 3569 Ribb.
794 3504 829 3587 (l.
854 3526 880 3569 c.
910 3525 941 3590 p.
968 3502 1058 3587 125),
1092 3507 1198 3568 utrum
1228 3498 1356 3565 Rauola

219 3607 398 3693 deprensus
421 3627 543 3692 poenas
567 3606 720 3692 dedisset,
743 3629 862 3690 necne,
886 3608 996 3693 quaeri
1018 3628 1083 3672 non
1104 3627 1200 3692 posse
1222 3603 1356 3668 monuit.

215 3713 255 3778 In
270 3712 517 3776 commentariis
540 3733 607 3776 var.
631 3708 668 3795 (l.
693 3734 719 3778 c.
742 3733 774 3797 p.
797 3711 875 3792 297)
898 3713 951 3777 hio
972 3732 1083 3776 versus
1106 3712 1151 3776 sic
1174 3709 1353 3795 explicatus

216 3821 280 3882 est:
318 3816 443 3900 ,jocose
468 3823 501 3880 et
523 3817 664 3900 scoptice
688 3815 813 3902 (pocta)
835 3817 917 3880 haec
940 3815 1001 3898 ait;
1036 3814 1127 3898 quasi
1155 3812 1256 3877 dicat:
1291 3829 1355 3874 uon

215 3920 375 3984 immerito
390 3919 518 3984 Ravola
532 3927 620 3984 metu
637 3919 815 4004 expalluit3
838 3940 913 3984 nam
934 3940 993 3982 nos
1016 3937 1114 4002 quum
1129 3914 1356 4002 deprendimus

217 4044 342 4089 servum
366 4022 524 4114 dulcioris
546 4025 708 4106 lambere,
731 4024 824 4088 illum
847 4025 987 4089 solemus
1009 4021 1154 4107 colaphis
1176 4022 1355 4105 percutere.

216 4127 267 4193 Ob
290 4127 325 4191 id
347 4128 460 4192 merito
491 4127 589 4192 etiam
611 4127 739 4193 Rauola
761 4128 823 4193 sibi
852 4127 976 4210 timuit,
1010 4126 1087 4191 dum
1114 4119 1353 4210 deprenditrrr.“

217 4230 282 4296 Sed
305 4252 403 4314 quum
425 4233 507 4297 haec
531 4233 705 4317 explicatio
728 4233 824 4298 nimis
847 4231 995 4316 quaesita
1009 4252 1081 4296 esse
1102 4229 1196 4296 nobis
1210 4229 1358 4295 videatur

320 4451 350 4520 1)
368 4449 400 4506 ot.
418 4450 448 4505 B.
466 4449 534 4520 Imp.
554 4450 572 4507 l.
590 4468 613 4507 c.
632 4469 659 4522 p.
677 4453 717 4508 36.
