3076 4762
677 299 895 374 ..46...

376 475 509 546 alterius
532 501 644 564 sexus,
667 480 771 565 magis
795 481 852 548 ille
875 478 1059 545 extenditur
1082 486 1115 545 ct
1136 497 1213 546 mox

377 584 505 648 auribus
528 590 625 668 atque
649 584 750 648 oculis
775 590 928 670 concepta
949 585 1043 648 urina
1065 579 1235 669 movetur),
1362 639 1366 648 .

221 688 400 772 ejiciamus,
434 693 623 771 argumenta
644 688 818 753 Ribbeckii
849 685 887 772 (1.
910 711 934 754 o.
958 710 990 773 p.
1015 689 1078 754 114
1100 683 1162 773 sq.)
1192 709 1251 753 nos
1274 710 1357 754 com·

220 811 349 856 movere
377 813 440 856 non
469 798 613 878 possunt.
656 793 800 857 Primum
827 794 912 858 euim
943 793 1025 857 tales
1049 792 1265 878 digressiones
1288 814 1357 857 sae-

220 897 350 981 pissime
373 895 460 979 apud
483 901 613 978 poetam
635 896 771 960 inveniri
794 917 891 981 supra
913 898 1129 981 exposuimus.
1151 897 1279 962 Deinde
1301 896 1357 962 Ju-

219 999 353 1081 venalis,
377 999 543 1064 occasione
559 998 645 1081 data,
668 1000 847 1065 inveterato
871 999 944 1064 odio
967 999 1158 1066 feminarum
1180 1002 1357 1065 inflamma-

219 1109 271 1168 tus
294 1103 328 1166 in
350 1123 405 1168 eas
428 1103 590 1167 invehitur
613 1123 785 1188 earumque
801 1103 952 1168 libidines
977 1111 1008 1168 et
1031 1125 1136 1168 mores
1153 1105 1358 1170 acerbissime

220 1207 359 1290 castigat
381 1226 420 1270 ac
441 1207 639 1290 perstringit.
684 1207 724 1271 cf.
751 1207 785 1290 I,
818 1207 861 1272 22
888 1228 952 1291 sq.;
985 1210 1027 1275 69
1050 1231 1092 1272 ss.
1136 1209 1202 1291 IX,
1233 1208 1271 1291 43
1303 1207 1357 1272 24.

219 1311 278 1393 XI,
304 1310 366 1376 186
390 1330 432 1374 ss.
456 1314 516 1375 etc.

324 1413 536 1497 Argumenta,
559 1413 674 1499 quibus
697 1435 773 1478 usus
794 1413 892 1479 Ribb.
915 1410 952 1498 (l.
977 1437 1003 1480 c.
1026 1435 1058 1500 p.
1084 1411 1169 1500 115).

220 1538 252 1586 v.
277 1517 462 1584 rto-178:

322 1622 471 1707 Namque
493 1622 539 1687 ibi
561 1622 709 1686 fortunae
730 1623 859 1688 veniam
883 1623 1004 1688 damus.
1029 1624 1102 1688 alea
1124 1623 1237 1708 trupis,

322 1733 416 1810 turpe
440 1732 472 1791 et
495 1725 689 1792 adulterium
711 1725 933 1808 mediocribus,
956 1727 1038 1791 haec
1060 1726 1175 1791 eadem
1197 1726 1247 1792 illi

324 1830 430 1893 emnia
454 1850 551 1914 quum
574 1829 705 1912 faciunt,
727 1830 847 1894 hilares
870 1830 1027 1916 nitidique
1049 1837 1212 1913 vocantur,

220 1953 238 1998 e
262 1940 355 1999 textu
376 1934 528 2016 removit,
551 1933 668 1998 leviter
690 1939 815 1998 tantum
839 1935 1034 2018 attingimus.
1081 1935 1166 2000 Sane
1188 1934 1224 1997 hi
1244 1953 1357 1996 versus

219 2037 389 2119 Juvenale,
412 2038 541 2122 qualem
555 2037 626 2122 ipse
642 2036 739 2102 Ribb.
763 2037 826 2101 sibi
840 2037 942 2121 finxit,
965 2037 1091 2122 indigui
1105 2037 1255 2102 videntur
1270 2057 1357 2121 csse;

219 2139 277 2204 sed
291 2140 453 2222 Juvenali,
477 2140 582 2224 qualis
597 2161 632 2204 re
648 2160 725 2206 vera
741 2148 799 2224 est,
823 2142 921 2226 plane
937 2148 1012 2206 sunt
1027 2140 1226 2206 restituendi.
1254 2140 1358 2205 Poeta

219 2246 305 2309 enim
328 2245 389 2309 hoo
412 2244 482 2309 loco
507 2266 576 2309 oum
600 2246 703 2310 ironia
720 2245 860 2331 quadam
887 2246 1077 2326 „stultitiam
1094 2245 1262 2310 hominum
1277 2244 1359 2308 obli-

219 2369 281 2435 que
306 2346 423 2434 carpit,
447 2349 501 2432 qui
524 2369 565 2412 ex
588 2369 686 2414 ceusu
708 2332 823 2413 mores
837 2349 1002 2413 homiuum
1024 2348 1221 2434 ponderent,
1249 2354 1358 2413 osten·

218 2453 315 2536 deus,
345 2473 411 2516 non
433 2452 554 2517 leviore
578 2473 713 2517 censura
734 2451 880 2516 taxanda
902 2473 973 2516 esse
997 2451 1104 2516 divitis
1127 2453 1225 2537 vitia,
1259 2471 1358 2537 quam

218 2549 432 2643 pauperis¹).“
481 2557 627 2622 Similem
650 2557 845 2621 sententiam
866 2556 1012 2621 invenias
1034 2555 1126 2640 VHI,
1152 2556 1211 2621 181
1236 2578 1276 2622 ss.
1316 2566 1318 2570 ’

217 2659 332 2744 Neque
355 2660 460 2724 miuus
483 2659 643 2724 retinendi
666 2666 740 2725 sunt
763 2680 793 2725 v.
818 2661 880 2728 195
902 2681 965 2745 sq.:

321 2762 444 2848 praeda
467 2763 666 2829 caballorum
687 2771 818 2850 praetor
841 2764 943 2847 sedet,
967 2785 1004 2828 ac
1027 2763 1107 2828 mihi
1128 2785 1209 2848 pace

322 2869 498 2932 immensae
521 2869 706 2953 nimiaeque
729 2870 806 2934 licet
829 2870 857 2934 si
880 2867 986 2933 dicere
1008 2867 1124 2953 plebis,

220 2992 298 3057 quos
320 2959 418 3057 plane
442 2992 460 3036 e
482 2971 647 3037 voluntate
671 2995 729 3037 sua
750 2973 847 3039 Ribb.
871 2968 908 3055 (l.
932 2993 958 3036 e.
979 2993 1012 3057 p.
1037 2967 1113 3056 135)
1135 2972 1261 3055 spurios
1284 2991 1357 3036 esse

219 3081 339 3141 censet.
383 3075 572 3140 Lectionem
596 3077 681 3140 enim
718 3075 858 3161 ,praeda
881 3075 1113 3158 caballorum,“
1151 3096 1234 3160 quae
1256 3076 1356 3160 pluri·

218 3201 342 3244 morum
353 3173 501 3262 ¹codicum
516 3180 707 3244 auctoritate
724 3178 916 3262 defenditur,
940 3180 967 3243 si
981 3179 1166 3263 retinemus,
1189 3180 1355 3265 aptissime

216 3289 362 3368 praetor,
397 3283 451 3368 qui
480 3302 632 3366 magnam
664 3283 821 3368 pecuniae
844 3283 968 3368 copiam
990 3283 1025 3346 in
1047 3282 1177 3366 aurigas
1200 3289 1234 3346 et
1256 3303 1356 3367 equos

218 3387 375 3452 curandos
410 3386 615 3469 effundebat,
651 3388 742 3471 quasi
774 3387 897 3473 praeda
931 3386 1130 3451 caballorum
1163 3387 1355 3452 nominatur.

215 3489 328 3555 Verba
353 3490 549 3574 ,similisque
579 3491 759 3576 triumpho“
797 3491 838 3556 ad
860 3510 972 3554 vocem
1009 3489 1173 3574 ,praetor“
1207 3492 1357 3577 apposita

217 3594 396 3658 offensione
420 3599 547 3678 carent,
582 3615 679 3679 quum
702 3595 784 3660 tales
806 3593 1017 3678 metaphorae
1041 3594 1126 3679 apud
1153 3601 1266 3680 poetas
1288 3617 1353 3659 non

216 3719 309 3762 rarae
333 3695 445 3782 sint²);
482 3703 568 3762 certe
591 3698 704 3763 eadem
728 3700 795 3763 fere
822 3698 1012 3782 metaphora
1034 3698 1200 3780 laborant,
1235 3699 1355 3764 sicum

215 3822 294 3866 voce
328 3801 467 3883 ,circus“
500 3802 745 3887 conjungantur.
789 3801 917 3866 Deinde
940 3802 1048 3866 verbis
1075 3802 1171 3884 ,mihi
1193 3823 1273 3887 pace
1295 3803 1354 3866 im-

216 3926 347 3971 mensae
370 3905 553 3990 nimiaeque
576 3905 653 3970 licet
676 3907 703 3970 si
727 3905 834 3971 dicere
858 3905 981 3991 plebis“
1020 3925 1091 3970 cum
1120 3906 1225 3970 ironia
1257 3911 1355 3990 poeta

219 4009 347 4094 plebem
368 4009 572 4095 perstringit,
606 4009 780 4074 ostendeus
814 4015 916 4074 totum
949 4008 1018 4094 ejus
1051 4009 1192 4074 studium
1226 4030 1297 4075 esse
1320 4011 1353 4074 iu

216 4113 408 4196 spectaculis
431 4112 642 4198 ludorumque
666 4113 882 4179 celebratione
891 4107 927 4198 ³).

320 4283 347 4352 1)
365 4282 426 4338 vide
460 4273 590 4340 roulant.
609 4283 627 4339 l.
645 4299 667 4340 c.
685 4299 713 4353 p.
731 4285 790 4340 624.

318 4369 346 4438 2)
363 4367 396 4425 cf.
415 4367 447 4426 Ο.
464 4367 603 4425 Meinertz.
621 4369 638 4424 L
657 4387 680 4424 c.
697 4386 724 4440 p.
743 4373 785 4426 30.

318 4456 347 4524 3)
363 4454 415 4512 vid.
433 4454 495 4511 Joh.
513 4453 577 4512 Brit.
596 4455 613 4511 l.
632 4471 655 4513 e.
673 4472 700 4526 p.
718 4459 778 4514 624.
