3076 4762
663 275 880 362 ..44-

209 469 357 534 Ursidius
373 467 609 549 nominantur¹)
632 477 665 534 et
686 476 746 534 sat.
761 469 853 552 VIII,
876 470 945 550 (ubi
959 470 1123 552 Ponticus,
1147 469 1345 553 Gaetulicus,

209 571 380 638 Rubellius
396 573 552 654 Blandus,
576 574 787 658 Chaerippus,
807 574 1023 659 Damasippus
1039 572 1249 655 vocantur)²).
1271 574 1346 640 Jam

211 695 287 739 vero
311 676 442 741 dubium
458 683 525 759 rest,
547 682 653 742 utrum
676 677 728 742 bic
742 678 850 741 Pollio
868 677 960 742 idem
982 678 1033 759 sit,
1056 678 1145 762 cujus
1167 683 1265 762 poeta
1286 679 1345 761 IX,

211 779 231 843 6
254 801 295 844 ss.
318 780 514 845 mentionem
537 781 623 860 lacit,
647 803 688 845 an
712 782 870 847 Carvilius
885 782 1003 863 Pollio,
1028 781 1067 846 de
1091 803 1152 866 quo
1175 782 1239 847 vid.
1259 783 1344 847 Plin.

210 883 253 947 H.
269 884 310 947 N.
332 885 391 967 IX,
417 885 466 967 10,
491 885 540 950 13.
565 884 630 952 Sed
653 886 745 950 nobis
769 884 897 970 quidem
919 885 1094 950 verisimile
1118 886 1346 970 videturesse,

212 988 405 1054 Iuvenalem
427 989 467 1054 de
492 989 585 1055 Oarv.
608 991 758 1056 Pollione
780 991 842 1055 hoc
864 990 935 1055 loco
959 989 1100 1073 cogitare
1112 987 1148 1070 ³).

314 1092 470 1158 Versibus
491 1092 534 1158 46
557 1114 617 1176 ss,
652 1115 731 1179 quos
753 1094 850 1160 Ribb.
880 1095 923 1158 in.
943 1094 1041 1158 risum
1067 1100 1193 1160 vertere
1216 1094 1346 1177 studuit,

214 1196 328 1260 similis
359 1199 520 1261 sententia
547 1197 633 1262 inest
666 1219 704 1263 ac
736 1219 819 1262 vers.
855 1199 896 1262 12
930 1219 977 1281 sq.
1021 1198 1212 1281 Debitores,
1245 1200 1348 1283 inquit

211 1305 322 1384 poeta,
356 1321 490 1384 quorum
518 1301 610 1365 ruina
632 1301 792 1383 imminet,
826 1322 882 1384 ea,
913 1321 995 1386 quae
1023 1308 1170 1386 superest
1195 1303 1347 1388 pecunia,

214 1405 311 1469 Baias
335 1407 581 1488 transmigrant,
614 1405 669 1470 ubi
699 1405 758 1471 sub
782 1406 888 1490 specie
912 1405 1094 1470 divitiarum
1117 1405 1205 1470 laute
1227 1406 1348 1487 vivunt,

214 1508 315 1573 donec
330 1511 424 1574 ruina
439 1510 625 1573 imminente
642 1509 875 1592 opprimuntur.
909 1510 995 1574 Sane
1010 1509 1116 1573 verbis
1136 1511 1208 1594 ,qui
1223 1514 1349 1573 vertere

215 1612 335 1677 solum“
372 1613 533 1678 medelam
567 1634 646 1698 opus
681 1634 751 1676 csse
782 1613 893 1696 negari
923 1633 988 1676 non
1021 1619 1145 1699 potest,
1179 1613 1237 1678 sed
1268 1613 1350 1678 haec

213 1717 308 1780 trium
331 1716 499 1782 verborum
523 1719 705 1801 corruptela
728 1738 856 1782 oausam
878 1737 941 1782 non
957 1717 1102 1802 praebet,
1125 1740 1180 1783 our
1201 1718 1236 1782 hi
1259 1722 1350 1803 quat·

214 1827 285 1885 tuor
307 1841 418 1886 versus
442 1821 592 1905 ejiciendi
615 1822 687 1886 sint.

214 1945 245 1990 r.
269 1925 308 1991 91
333 1947 394 2011 sq.:

369 2035 402 2094 et
425 2031 561 2096 Scauros
585 2035 617 2100 et
639 2029 815 2114 Fabricios,
838 2034 1000 2115 postremo
1024 2048 1152 2094 severos

370 2135 510 2198 censoris
533 2154 638 2198 mores
662 2134 760 2199 etiam
783 2134 909 2218 collega
932 2135 1069 2215 timeret,

214 2235 311 2301 Ribb.
335 2237 371 2318 (l.
395 2261 421 2302 c.
443 2260 474 2324 p.
501 2237 575 2318 129)
599 2239 668 2303 sine
690 2239 759 2304 ulla
783 2261 879 2304 eausa
901 2239 1006 2323 ejecit.
1029 2238 1114 2302 Nam
1135 2238 1164 2302 si
1185 2238 1247 2303 hac
1269 2238 1352 2302 serie

216 2343 380 2407 nominum
403 2343 604 2428 propriorum
626 2343 811 2426 offendaris,
836 2344 934 2408 etiam
954 2344 981 2425 I,
1006 2343 1067 2408 162
1083 2363 1141 2424 ss.;
1164 2341 1206 2423 H,
1230 2339 1272 2406 24
1292 2362 1351 2424 ss.;

218 2446 279 2512 153
303 2467 360 2528 ss.;
394 2446 460 2528 VI,
484 2447 546 2512 265
570 2468 634 2531 sq.;
665 2446 744 2528 VII,
774 2445 816 2512 94
839 2467 903 2530 sq.;
938 2446 1019 2510 alios
1042 2465 1153 2508 versus
1176 2444 1352 2510 strictiores

215 2550 321 2614 facere
338 2551 468 2616 debeas.
496 2550 593 2616 Ribb.
609 2556 778 2636 praeterea
793 2549 1015 2634 gradationem
1031 2547 1192 2634 quandam
1208 2568 1227 2613 a
1241 2548 1352 2614 Fabiis

217 2654 258 2718 ad
275 2655 431 2720 Catonem
454 2654 572 2719 factam
597 2655 732 2739 quaerit,
757 2673 853 2738 quum
869 2654 991 2718 Catone
1013 2653 1177 2716 nominato
1201 2653 1352 2716 severita-

217 2764 281 2823 tem
305 2759 495 2824 Scaurorum
529 2764 561 2823 et
583 2758 804 2823 Fabriciorum
834 2759 954 2822 nullius
988 2757 1142 2821 momenti
1169 2755 1354 2822 habendam

217 2883 287 2926 esse
311 2862 406 2926 dicat.
442 2860 508 2928 Sed
524 2863 556 2924 in
572 2861 754 2925 nominibus
770 2862 907 2947 propriis
924 2861 1148 2926 enumerandis
1163 2861 1355 2927 Iuvenalem

216 2965 438 3050 gradationem
452 2971 574 3050 petere,
597 2965 704 3029 nullus
728 2966 816 3029 locus
840 2971 898 3047 est,
923 2966 977 3050 qui
993 2965 1205 3048 demonstret3
1228 2984 1355 3049 semper

218 3069 303 3132 enim
327 3089 364 3132 eo
388 3068 499 3132 ordine
524 3089 563 3132 ea
586 3069 768 3152 conjungit,
804 3090 865 3154 quo
893 3090 1004 3134 versus
1035 3070 1076 3134 ab
1100 3070 1177 3133 artis
1200 3069 1354 3132 metricae

218 3173 344 3266 legibus
367 3194 431 3236 non
455 3172 635 3238 abhorreat.
669 3171 797 3236 Deinde
821 3173 968 3257 Scamos,
992 3174 1046 3257 qui
1066 3173 1135 3258 jam
1156 3173 1198 3255 H,
1222 3173 1264 3239 35
1286 3171 1355 3236 lau·

219 3275 286 3340 dati
309 3283 398 3358 sunt,
433 3282 465 3341 et
486 3276 667 3358 Fabricios,
699 3297 832 3361 quorum
850 3277 921 3361 jam
943 3277 1008 3359 IX,
1042 3277 1104 3341 142
1125 3277 1246 3341 mentio
1270 3277 1356 3340 lacta

219 3386 284 3462 est,
319 3381 434 3445 iterum
455 3381 517 3446 hoo
539 3380 609 3444 loco
632 3381 784 3462 inveniri,
818 3382 933 3446 mirum
956 3401 1026 3444 esse
1050 3381 1171 3472 nequit.
1214 3380 1265 3444 De
1289 3400 1356 3444 cor·

217 3485 363 3568 reptione
399 3484 457 3566 ,o“
493 3483 615 3566 finalis,
650 3505 731 3569 quae
755 3485 788 3548 in
812 3484 964 3550 adverbio
999 3483 1196 3568 ,postremo“
1228 3483 1356 3567 legitur,

217 3588 281 3654 vid.
305 3590 344 3653 B.
367 3590 449 3672 Lup.
473 3590 495 3654 l.
519 3611 545 3654 c.
568 3610 600 3674 p.
622 3587 687 3668 5⁴).

94 3695 95 3698 ’
218 3717 248 3758 r.
272 3696 331 3761 99:

365 3799 448 3862 tales
471 3817 546 3882 ergo
571 3797 643 3878 cibi,
668 3797 772 3881 qualis
796 3795 908 3861 domus
932 3801 1028 3880 atque
1052 3795 1210 3879 supellex,

324 3985 350 4055 1)
367 3983 401 4044 ul.
419 3983 533 4042 Teuffel
552 3984 570 4043 l.
589 4000 612 4042 o.
630 4001 657 4054 p.
676 3985 736 4040 214.

321 4069 507 4142 mmmm

323 4158 349 4228 3)
368 4157 402 4216 cl.
427 4157 490 4216 Joh.
509 4157 575 4215 Brit.
599 4158 617 4216 l.
634 4173 658 4215 o.
683 4175 710 4227 p.
729 4159 780 4212 615
799 4171 839 4226 sq.
882 4157 951 4226 Rup.
972 4156 990 4214 l.
1009 4172 1030 4212 c.
1048 4172 1075 4225 p.
1094 4155 1153 4209 606.
1191 4153 1283 4208 Heinr.
1300 4152 1318 4207 l.
1336 4167 1360 4206 o.

222 4260 248 4312 p·
267 4245 352 4400 419l)
372 4336 537 4400 ›postremo‹
563 4329 633 4385 enim
655 4329 747 4386 eodem
768 4329 830 4400 jure
856 4345 935 4386 casus
960 4328 1091 4384 ablativus
1115 4325 1245 4380 nominari
1262 4330 1359 4395 potest,

221 4433 273 4486 quo
294 4417 457 4487 »vigilando«
481 4424 530 4473 etr.
