3076 4762
662 305 877 376 -.35..υ

206 488 240 548 et
262 501 426 548 connexus
448 480 545 547 totius
569 482 632 548 loci
654 482 784 548 difficile
806 481 1024 548 restituendus
1047 482 1105 566 sit,
1127 479 1223 548 fidem
1245 481 1340 570 hujus
1371 538 1375 544 .

206 608 316 652 versus
339 588 373 651 in
394 587 515 652 incerto
538 587 758 671 relinquimus,
861 595 862 598 ’

206 687 316 755 affl

397 795 595 859 munimenta
617 801 724 878 togae,
747 795 817 860 duri
841 796 1003 879 crassique
1026 796 1150 878 coloris,

208 898 376 981 quominus
398 898 550 963 iuvenali
574 898 770 979 auferamus,
800 898 868 962 lata
891 919 928 962 ao
950 899 1087 962 verbosa
1109 898 1248 964 dictione
1271 901 1341 983 ejus

207 1000 423 1086 prohibemur.
467 1002 565 1068 Ribb.
590 1022 631 1065 ex
654 1002 847 1066 scholiastae
870 1002 1078 1068 adnotatione
1111 1003 1163 1082 ,in
1185 1003 1249 1067 alio
1271 1005 1341 1088 piu·

207 1104 304 1188 gues“
342 1106 378 1186 (l.
402 1127 428 1170 o.
456 1127 489 1190 p.
520 1102 595 1185 133)
628 1106 805 1188 concludit,
842 1106 983 1172 codicem
1017 1107 1157 1191 aliquem
1190 1107 1342 1174 habuisse
1388 1163 1389 1172 ,

207 1209 378 1273 lectionem
405 1209 579 1291 ,crassas“,
602 1210 689 1274 ouius
713 1210 925 1294 explicandae
950 1231 1046 1276 causa
1072 1211 1161 1291 ,duri
1180 1213 1342 1297 crassique

208 1312 340 1377 eoloris“
368 1313 530 1396 adjectum
546 1319 641 1378 esset.
666 1314 731 1380 Sed
754 1333 851 1398 quum
872 1316 970 1399 plane
993 1315 1149 1379 incertum
1171 1316 1224 1398 sit,
1247 1336 1343 1401 qnam

208 1416 379 1480 lectionem
402 1416 575 1482 scholiasta
597 1417 761 1500 habuerit,
796 1423 1018 1502 argumentum
1042 1439 1083 1482 ex
1106 1439 1146 1484 ea
1166 1439 1201 1482 re
1223 1420 1343 1505 requiri

207 1521 329 1605 nequit.

207 1624 389 1709 afflmn

331 1747 389 1791 vos
411 1728 525 1792 humili
548 1729 724 1808 asseculae,
747 1748 804 1792 vos
826 1727 1036 1810 indulgebitis
1059 1749 1201 1813 unquam

333 1831 458 1914 cultori,
478 1832 548 1914 jam
568 1852 629 1895 nec
651 1831 764 1895 morbo
788 1830 908 1895 donare
930 1832 1057 1915 parati?

209 1933 1344 2021 QmffiffidlcpfflfflqmbflmmmsdcpffiQ

207 2037 425 2121 Hermannus,
448 2039 504 2102 alii
527 2038 673 2103 Naevolo
696 2037 894 2119 tribuerunt,
917 2059 988 2102 cum
1009 2039 1200 2103 Heineckeo
1223 2045 1256 2104 et
1277 2041 1343 2106 Ru-

207 2142 311 2224 pertio
336 2141 371 2224 (l.
396 2164 422 2206 o.
445 2164 477 2228 p.
500 2141 577 2223 518>
600 2149 716 2228 poetae
738 2141 838 2206 verba
860 2163 931 2206 esse
955 2163 1132 2208 censemus.
1170 2144 1235 2210 Our
1255 2145 1341 2210 Nee·

207 2244 1342 2334 mmmmfflmmmmmRffimfflmfflmstcp

207 2347 284 2428 279)
316 2349 507 2414 firmissimis
537 2350 734 2434 argumentis
762 2355 990 2434 exposuerunt.
1035 2352 1121 2416 Sane
1146 2352 1260 2417 mirum
1284 2359 1343 2435 est,

206 2459 336 2536 poetam
353 2453 423 2536 jam
444 2455 505 2518 hoc
527 2454 598 2518 loeo
621 2454 802 2518 Naevolum
825 2453 986 2518 dicentem
1007 2455 1258 2540 interrumpere;
1286 2455 1345 2519 sed

209 2576 306 2640 quum
333 2562 403 2620 tota
430 2558 512 2621 haec
545 2558 644 2621 satira
675 2557 797 2640 dialogi
819 2557 956 2622 formam
979 2558 1117 2642 habeat,
1149 2559 1210 2624 boc
1244 2560 1345 2625 offen-

209 2659 292 2723 sioni
314 2680 385 2724 esse
409 2660 536 2744 nequit3
571 2666 626 2725 aut
657 2661 792 2725 forsitan
814 2661 849 2725 hi
870 2682 981 2725 versus
1005 2662 1102 2727 simili
1124 2663 1238 2728 habitu
1260 2668 1345 2746 sunt,

209 2783 246 2827 ac
268 2763 314 2846 V,
340 2764 524 2848 ror-113,
555 2765 599 2829 ito
622 2771 659 2828 ut
680 2764 888 2848 digressionis
911 2766 1049 2850 speciem
1072 2787 1150 2850 prae
1172 2787 1207 2832 se
1230 2767 1346 2850 ferant,

209 2885 305 2950 quam
327 2887 369 2931 ne
392 2868 426 2931 in
449 2867 675 2932 enumerandis
698 2868 855 2950 omnibus,
879 2887 961 2952 quae
976 2869 1122 2936 Naerolo
1141 2870 1245 2936 dolori
1260 2878 1345 2955 sunt,

208 2971 363 3036 lectorem
385 2970 589 3055 defatigaret,
611 2978 710 3056 poeta
732 2971 879 3038 adhibuit
888 2969 924 3052 ¹).

207 3093 357 3140 versuum
380 3077 431 3160 79,
454 3076 513 3144 80:

294 3180 446 3245 instabile
470 3201 507 3245 ac
530 3178 637 3244 dirimi
660 3185 810 3264 coeptum
833 3183 866 3243 et
884 3179 953 3262 jem
976 3199 1080 3264 paene
1103 3182 1244 3247 solutum

296 3283 479 3368 conjugium
501 3285 535 3349 in
557 3284 667 3348 multis
690 3282 837 3347 domibus
861 3284 1002 3348 servavit
1024 3284 1163 3369 adulter,

210 3384 324 3450 eadem
346 3387 414 3452 fere
437 3388 580 3453 cocheio
604 3393 671 3470 est,
702 3408 740 3452 ac
761 3385 861 3468 VIII,
895 3386 973 3469 140,
1002 3388 1037 3471 13
1071 3389 1346 3474 comprehendunt

210 3489 296 3554 enim
319 3496 352 3554 et
374 3491 561 3558 confirmant
583 3492 722 3578 priorem
744 3491 940 3556 sententiam
949 3487 985 3569 ²).
1021 3491 1120 3557 Tales
1144 3499 1252 3559 eutem
1274 3516 1346 3558 sen-

209 3594 331 3660 tentiae
354 3595 524 3678 generales
553 3597 734 3681 permultae
765 3594 799 3660 in
820 3593 988 3660 Juvenalis
1016 3597 1124 3662 satiris
1149 3599 1271 3682 passim
1300 3599 1347 3663 le-

209 3703 337 3780 guntur.
381 3699 509 3764 Deinde
532 3700 646 3766 eadem
667 3699 862 3786 tautologia,
892 3719 956 3782 qua
977 3700 1132 3784 imprimis
1154 3721 1185 3766 v.
1209 3702 1250 3767 79
1273 3722 1346 3766 con-

209 3803 354 3886 spicuum
376 3823 466 3884 esse,
487 3803 584 3869 Ribb.
608 3805 644 3886 (l.
668 3827 694 3870 c.
718 3826 749 3890 p.
775 3803 849 3883 126)
873 3803 1056 3887 contendit,
1085 3804 1249 3870 laborant:
1286 3807 1346 3889 III,

209 3905 252 3972 26
274 3928 331 3990 ss.;
361 3907 420 3989 VI,
443 3907 502 3990 ao;
536 3907 616 3991 2973
648 3908 723 3991 VH,
746 3909 790 3975 53
811 3930 871 3992 ss,
903 3909 996 3992 VIII,
1020 3910 1059 3974 71
1084 3929 1150 3994 sq.;
1174 3909 1241 3991 alii,
1265 3929 1344 3994 quos

210 4030 331 4094 omnes,
354 4012 382 4076 si
397 4011 570 4076 Ribbeckii
584 4018 688 4076 artem
709 4013 850 4077 criticam
864 4029 1080 4096 sequeremur,
1104 4012 1346 4096 interpolatoris

209 4133 339 4180 manum
362 4115 533 4180 ostendere
555 4117 648 4182 nobis
665 4116 878 4201 judicandum
901 4123 996 4182 esset.
1018 4117 1196 4183 Praeterea
1214 4135 1346 4182 monen-

230 4402 235 4417 ,
314 4354 566 4425 nffipfflm

313 4442 339 4512 ἓ)
357 4443 391 4499 ct.
409 4443 478 4512 Rup.
497 4445 513 4498 l.
532 4459 555 4499 c.
573 4457 601 4512 p.
619 4441 678 4496 525.
