3076 4762
618 287 838 354 ..10-

161 479 492 544 vorweggenommen,
515 461 611 524 sowie
638 481 720 541 ,una
741 461 870 526 mensa“
897 483 957 526 nur
978 460 1236 546 Wiederholung
1254 465 1296 527 ist

160 583 223 628 von
249 567 439 649 „vacuisque
461 566 540 629 toris
563 571 689 632 tantum
711 566 782 650 ipse
799 565 958 650 jacebit,“
1003 566 1081 630 aber
1102 568 1178 630 weit
1199 569 1296 632 weni-

162 688 219 752 ger
242 669 459 732 anschaulich.

265 772 318 837 Ad
342 793 438 856 quam
460 774 654 837 sententiam
676 773 879 837 refutandam
899 775 976 839 satis
999 774 1157 839 habemus
1180 777 1296 841 afferre

161 876 261 940 verba
276 877 314 940 Β.
330 878 414 962 Lupi
424 875 463 958 ¹):
487 877 674 960 saepissimo
690 876 856 942 luvenalis
872 899 991 960 eorum,
1015 900 1097 962 quae
1114 879 1201 962 dicit,
1225 901 1297 944 cau·

164 1001 232 1044 sam
255 981 360 1062 affert,
383 1001 465 1065 quae
482 982 509 1046 ei
524 982 664 1062 abesset,
686 982 816 1046 minime
840 1002 910 1046 eam
934 981 1143 1046 desiderares.
1167 985 1206 1048 cf.
1222 985 1296 1067 VH,

166 1083 216 1166 77,
240 1105 295 1168 sq3
320 1085 382 1152 194
404 1107 459 1167 ss.;
481 1084 573 1166 VIII,
597 1084 648 1166 73,
672 1092 732 1150 etc.

268 1188 358 1264 Quae
381 1209 475 1273 porro
498 1188 594 1256 Ribb.
617 1189 657 1253 de
679 1210 757 1253 voce
796 1188 1024 1274 ,patrimonia“
1062 1189 1157 1272 dicit,
1191 1191 1297 1254 refelli

163 1312 229 1354 non
251 1312 330 1376 opus
354 1298 412 1356 est.
434 1292 519 1356 Nam
541 1313 582 1356 ex
605 1313 654 1374 eo,
677 1292 762 1376 quod
784 1294 865 1357 haec
887 1312 951 1356 vox
972 1293 1005 1356 in
1029 1294 1067 1357 iis
1090 1294 1207 1377 satiris,
1231 1295 1298 1378 qui·

164 1395 223 1460 bus
245 1395 343 1460 Ribb.
365 1415 481 1460 nomen
504 1396 616 1460 tribuit
639 1396 943 1479 declamationibus,
974 1403 1103 1481 quater,
1125 1400 1159 1462 in
1183 1400 1298 1462 ceteris

104 1544 106 1552 ι
165 1500 265 1564 semel
287 1499 362 1580 (sat.
385 1499 451 1564 VH
472 1521 501 1563 v.
527 1499 601 1579 113)
624 1501 795 1582 invenitur,
818 1500 940 1584 aliquid
964 1502 1073 1584 colligi
1096 1523 1160 1567 non
1182 1508 1298 1587 potest.

163 1603 215 1667 De
231 1605 368 1668 transitu
382 1604 518 1688 pluralis
545 1603 750 1684 ,comedunt“
777 1604 817 1668 ad
833 1604 1028 1686 singularem
1055 1604 1211 1687 ,jacobit“
1235 1605 1299 1669 vid.

165 1708 202 1771 B.
226 1708 308 1791 Imp.
332 1709 353 1771 l.
377 1709 399 1771 l.
421 1709 555 1789 Rupert.
586 1729 709 1774 excors.
739 1707 780 1772 ad
803 1715 862 1772 sat.
890 1707 924 1788 I,
961 1707 1031 1772 157.
1075 1709 1252 1774 Praeterea
1282 1731 1299 1772 e

166 1831 313 1877 connexu
335 1812 432 1876 totius
456 1813 519 1877 loci
542 1813 656 1896 elucet,
680 1833 761 1897 quae
784 1831 942 1896 personae
964 1811 1062 1875 verbo
1087 1812 1296 1892 ,comedunt“

167 1914 411 1998 subjungendas
434 1917 498 1980 sint
507 1913 543 1996 ²).

268 2018 402 2101 Restat,
424 2025 460 2084 ut
483 2020 640 2104 quomodo
664 2020 699 2102 hi
722 2019 784 2084 dno
806 2032 917 2083 versus
940 2018 1125 2103 explicandi
1148 2018 1225 2100 sint,
1248 2039 1300 2082 ac·

168 2123 307 2187 curatius
330 2143 538 2208 exponamus.
576 2125 681 2206 Multi,
705 2125 760 2208 qui
781 2123 853 2189 Juv.
877 2130 932 2187 aut
961 2122 1131 2186 ediderunt
1154 2127 1210 2186 aut
1232 2143 1300 2186 ver-

167 2231 291 2309 terunt,
326 2227 533 2292 offenduntur
555 2228 611 2309 iis,
644 2234 676 2291 et
706 2227 763 2292 alii
790 2227 885 2292 aliter
915 2247 971 2290 eos
1002 2226 1248 2310 explicaverunt
1270 2231 1302 2289 et

167 2337 341 2396 verterunt.

270 2434 433 2500 Weberus
455 2457 487 2520 p.
512 2438 531 2502 8
554 2436 667 2500 vertit:

268 2539 366 2604 Denn
387 2561 449 2605 von
473 2561 508 2604 so
530 2540 638 2604 vielen
653 2536 905 2602 seh'nsvverthen
923 2536 989 2600 und
1004 2537 1170 2619 rinmigen
1187 2535 1303 2602 Schts·

168 2645 238 2707 seln
265 2643 332 2708 und
360 2644 486 2708 solches
515 2643 626 2708 Altero
659 2642 807 2706 verzehrt
840 2663 915 2705 man
944 2641 1025 2705 auch
1054 2639 1218 2723 Ilrbgiiter
1245 2639 1305 2703 mit

169 2748 286 2812 Einem
311 2748 445 2832 Gelage.

272 2852 427 2918 Similiter
452 2852 491 2918 G.
513 2851 550 2916 F.
573 2850 661 2915 Abel
684 2870 716 2933 p.
740 2850 792 2914 73.
836 2849 969 2913 Donner
991 2869 1024 2932 p.
1048 2847 1098 2912 11.
1138 2846 1173 2912 0.
1196 2845 1304 2910 Hans·

169 2977 268 3020 mann
290 2975 322 3042 p.
349 2958 398 3022 13.

274 3061 407 3126 Rectius
431 3059 523 3123 nobis
547 3058 731 3124 Sieboldius
754 3079 809 3122 eos
831 3057 958 3121 videtur
979 3054 1112 3118 vertisse
1135 3075 1167 3137 p.
1193 3052 1232 3118 17
1242 3048 1284 3132 ³):

273 3165 369 3229 Denn
391 3166 445 3229 bei
460 3163 577 3228 Taieln
600 3182 635 3224 so
658 3162 723 3224 viel
745 3161 811 3226 und
834 3183 868 3224 so
885 3160 1034 3244 prichtig
1047 3156 1114 3222 und
1136 3156 1219 3221 breit
1241 3155 1308 3220 und

171 3290 205 3332 so
229 3269 337 3334 hohen
358 3268 469 3333 Altevs
491 3266 667 3331 vernehren
691 3266 737 3330 sie
761 3265 843 3330 doch
867 3265 924 3330 auf
945 3262 1104 3345 einzigem
1127 3260 1226 3326 Tisch
1249 3259 1307 3324 das

171 3374 320 3439 Ererbte.

276 3477 432 3542 Similiter
453 3475 624 3558 Haugwitz
647 3495 679 3558 p.
706 3473 755 3538 19.

274 3578 481 3665 Rupertius⁴l
504 3579 668 3644 Henninio
693 3583 822 3642 auctore
845 3574 947 3638 verba
973 3595 1056 3653 ,una
1070 3571 1200 3638 mensa“
1227 3572 1310 3636 nihil

173 3685 355 3750 aliudesse
379 3704 475 3768 quam
505 3683 618 3768 ,unica
640 3703 740 3746 coena
762 3681 815 3744 vel
838 3679 919 3744 adeo
943 3667 1053 3743 lance“
1088 3677 1309 3740 demonstrare

97 3861 100 3867 ,
173 3790 289 3854 studet.
331 3789 443 3854 Omnis
466 3787 564 3870 igitur
586 3784 804 3849 controversia
826 3784 859 3846 in
882 3779 1091 3846 substantivis
1118 3778 1249 3859 „orbcs“
1276 3782 1309 3840 et

173 3893 323 3978 „mensa“
351 3899 383 3957 et
401 3891 640 3977 praepositione
668 3888 743 3969 ,de“
771 3885 971 3972 explicandis
994 3885 1100 3970 posita
1123 3889 1182 3948 est.
1206 3882 1311 3970 Quam

277 4081 304 4148 1)
325 4077 400 4132 Vind.
419 4078 513 4132 Juven.
550 4092 577 4145 p.
598 4079 639 4130 27.

276 4169 306 4235 2)
325 4165 358 4219 cf.
377 4179 469 4218 comm.
488 4163 579 4218 Heinr.
603 4178 629 4231 p.
649 4164 690 4216 81.
716 4160 774 4230 (der
791 4159 882 4213 Plural
900 4159 964 4228 geht
988 4157 1037 4214 auf
1052 4157 1100 4212 das
1119 4171 1204 4224 gance
1222 4154 1313 4210 Genus

174 4252 262 4308 dieser
281 4252 385 4320 Lente).

279 4336 356 4407 3111.
374 4334 497 4402 Madvig.
533 4351 624 4404 opusc.
644 4338 668 4402 1,
687 4337 728 4391 31.

279 4423 306 4492 4)
324 4438 344 4476 c.
365 4421 425 4490 lp.
444 4423 485 4490 52,
506 4437 547 4490 sq.
