3076 4762
678 299 871 366 ..9-

307 475 358 540 De
381 495 476 539 versu
490 473 549 556 XI,
573 475 615 541 36
631 473 708 558 quid
724 474 910 556 sentiamus,
934 495 1030 560 quum
1046 473 1086 538 de
1101 479 1169 538 toto
1185 475 1340 559 prooemio

205 586 265 646 sat.
275 580 325 644 XI
340 600 360 643 a
374 578 470 644 Ribb.
484 579 587 661 ejecto
600 578 803 660 disseremus,
818 578 964 662 pluribus
975 579 1083 644 verbis
1095 579 1339 663 explicabimus.

307 704 337 748 v.
363 683 422 748 137
447 704 499 768 sq:

359 808 435 852 narn
457 786 497 850 de
520 792 569 850 tot
590 786 733 869 pulehris
757 792 790 851 et
812 786 888 850 latis
910 786 1041 851 orbibus
1064 792 1097 850 et
1118 792 1185 851 tam

360 891 500 975 antiquis
523 910 587 953 una
609 888 780 954 comedunt
801 890 996 972 patrimonia
1018 911 1141 972 mensa,

236 1089 239 1098 Ι
307 1011 405 1076 Ribb.
428 1012 449 1075 l.
473 1033 499 1076 o.
524 1010 615 1075 dioit:
638 1011 706 1075 Der
726 1011 953 1095 unbefangene
969 1012 1069 1076 Leser
1091 1011 1253 1076 versteht:
1276 1032 1338 1075 von

204 1133 238 1180 so
261 1115 369 1178 vielen
391 1115 552 1179 selroenen
575 1114 640 1177 und
663 1135 796 1198 grossen
818 1115 884 1179 und
907 1136 942 1179 so
965 1116 1055 1180 alten
1071 1117 1246 1182 Sohiisseln
1268 1137 1339 1181 ver·

204 1218 322 1282 sehren
346 1219 398 1284 die
414 1219 558 1284 Reiohen
581 1239 622 1282 an
639 1220 744 1283 einem
760 1220 868 1300 Tisoh,
891 1219 922 1283 d.
944 1219 976 1283 h.
1000 1220 1100 1284 allein
1115 1220 1166 1284 ihr
1180 1219 1340 1286 Erbtheil.

308 1323 343 1388 si
359 1325 429 1408 quis
445 1327 568 1388 attente
584 1323 750 1389 Juvenalis
766 1324 881 1388 satiras
896 1324 1081 1407 perlegerit,
1097 1323 1185 1406 soiet,
1201 1329 1340 1408 poetam,

205 1425 259 1490 ubi
276 1426 315 1490 de
331 1427 471 1509 orbibus,
495 1429 549 1512 qui
565 1428 597 1490 in
615 1428 768 1492 conviviis
784 1427 1031 1509 adhibebantur,
1049 1428 1198 1512 loquitur,
1215 1448 1341 1511 semper

204 1550 396 1613 mensarum,
419 1553 481 1594 non
506 1532 689 1616 patinarum
712 1531 806 1595 orbes
829 1531 1026 1614 intelligere;
1050 1531 1156 1595 looum
1177 1531 1236 1613 XI,
1262 1531 1338 1594 122:

335 1634 416 1698 latos
438 1636 501 1699 nisi
523 1637 660 1699 sustinet
683 1635 777 1700 orbes

334 1739 455 1821 grande
478 1739 557 1804 ebur
580 1746 613 1803 et
635 1759 751 1822 magno
775 1739 920 1803 sublimis
944 1737 1063 1823 pardus
1085 1738 1184 1820 hiatu,

127 1869 130 1878 ·
203 1862 373 1925 perperam
402 1843 513 1906 laudat
542 1842 639 1907 Ribb.
671 1843 711 1906 ad
744 1842 936 1905 sententiam
967 1863 1058 1906 suam
1082 1841 1338 1906 confirmandam.

203 1945 286 2010 Nam
313 1945 453 2028 ,grande
470 1945 565 2009 ebur“
592 1967 656 2010 non
680 1951 730 2010 est
752 1945 847 2028 idem,
872 1944 957 2028 quod
979 1965 1091 2009 mensa
1106 1945 1258 2028 eburnea,
1282 1945 1339 2009 sed

204 2071 275 2113 oum
298 2049 506 2132 sequentibus
528 2049 636 2113 verbis
659 2051 706 2114 ita
729 2049 1003 2132 conjungendum,
1037 2056 1073 2113 ut
1098 2049 1238 2132 ,grande
1262 2050 1340 2114 ebur

203 2159 235 2215 et
256 2173 374 2236 magno
398 2152 544 2217 sublimis
566 2153 686 2237 pardus
714 2152 822 2217 hiatu“
850 2154 891 2217 sit
913 2152 1031 2236 figura,
1055 2174 1137 2237 quae
1159 2153 1339 2238 hendiadys

202 2263 344 2340 vocatur,
368 2257 428 2320 hae
444 2257 622 2320 sententia:
645 2257 763 2340 pardus
783 2277 899 2340 magno
916 2258 1007 2321 hiatu
1023 2258 1168 2322 sublimis
1184 2279 1226 2321 ex
1243 2258 1339 2322 ebore

204 2361 305 2424 faetus
317 2358 350 2440 ¹).
396 2362 502 2436 Quare
526 2362 688 2425 sententia
711 2361 808 2424 totius
832 2360 894 2424 loei
916 2362 998 2425 haee
1021 2367 1082 2425 est:
1101 2357 1153 2425 ¹nil
1175 2362 1337 2444 rhombus,

202 2464 249 2528 nil
272 2464 367 2528 dama
390 2465 492 2548 sapit,
527 2471 639 2549 putere
663 2465 812 2529 videntur
833 2472 1000 2548 unguenta
1021 2487 1059 2529 ao
1082 2486 1189 2547 rosae,
1221 2465 1282 2528 nisi
1305 2465 1337 2528 in

203 2567 278 2630 latis
301 2568 441 2650 orbibus,
464 2569 484 2631 i.
509 2588 537 2631 e.
560 2569 593 2631 in
616 2590 799 2634 mensarum
822 2569 941 2633 tabulis
965 2570 1123 2633 oollooata
1145 2575 1231 2650 sunt,
1256 2590 1337 2654 quae

203 2671 332 2734 sublimi
354 2670 455 2754 pardo
479 2671 620 2735 eburneo
644 2674 849 2738 sustinentur.
1324 2665 1326 2672 ’

304 2773 342 2838 In
366 2794 504 2837 errorem
527 2775 675 2839 induetus
699 2797 769 2840 esse
792 2777 920 2841 videtur
941 2776 1037 2841 Ribb.
1060 2777 1178 2860 plurali
1205 2775 1334 2857 ,orbes“

201 2898 259 2961 pro
290 2878 445 2962 singulari
483 2879 629 2958 ,orbem“
666 2881 781 2964 posito.
827 2881 891 2946 Sed
923 2901 1018 2967 quum
1049 2881 1105 2944 alii
1131 2886 1248 2965 poetae
1277 2881 1339 2945 hae

201 2983 333 3046 lieentia
355 2982 482 3067 poetioa
504 2990 648 3067 utuntur,
672 2989 740 3048 tum
762 2985 940 3051 luvenalis.

304 3086 376 3152 Jam
399 3107 475 3151 vero
509 3087 654 3168 ,orbem“
686 3088 772 3152 idern
802 3109 887 3172 esse,
922 3087 1007 3175 quod
1031 3107 1160 3151 mensae
1184 3087 1337 3170 tabulam,
1415 3107 1416 3114 ¹

202 3193 340 3255 maxime
362 3193 518 3277 probatur
539 3214 569 3255 v.
592 3191 650 3274 Xl,
677 3193 754 3257 175:

331 3297 393 3372 Qui
414 3296 706 3361 Lacedaemonium
728 3297 901 3380 pytismate
926 3296 1062 3361 lubrioat
1085 3296 1206 3361 orbem.

276 3441 277 3446 κ
303 3399 437 3463 Patinas
461 3407 568 3464 autem
592 3420 611 3464 a
633 3406 732 3484 poeta
754 3400 914 3486 appellari
937 3401 1046 3484 orbes,
1070 3401 1200 3488 anullo
1224 3401 1336 3464 satira·

200 3523 269 3566 rum
292 3523 386 3566 versu
409 3503 492 3568 efflei
512 3505 566 3568 vel
589 3505 660 3588 oogi
682 3510 799 3590 potest.

305 3605 371 3671 Sed
394 3606 534 3672 redimus
558 3609 599 3672 ad
623 3610 727 3673 looum
749 3609 776 3691 I,
801 3607 862 3673 137
887 3630 934 3693 sq.

201 3769 203 3773 ,
303 3709 393 3774 Aber
414 3731 479 3774 was
502 3697 535 3775 in
558 3712 728 3777 eomedunt
751 3714 847 3797 liegt,
881 3715 995 3798 pergit.
1018 3715 1069 3795 R,
1099 3715 1141 3778 ist
1164 3715 1242 3777 kura
1265 3734 1335 3776 vor-

198 3814 258 3877 her
272 3813 304 3876 in
322 3812 529 3879 denWorten
549 3818 688 3899 ,optima
701 3818 851 3881 silvarum
863 3817 987 3882 interea
999 3818 1171 3902 pelagique
1188 3817 1331 3881 vorabit“

198 3987 405 4004 ψ...-

258 4143 260 4152 ,
304 4087 328 4155 l)
347 4085 379 4139 of.
398 4092 538 4141 comment
562 4103 616 4141 var.
642 4088 683 4142 ed.
702 4088 807 4142 Sohrev.
833 4106 859 4157 p.
879 4091 938 4143 372.
962 4088 1030 4143 latos
1048 4089 1135 4144 orbes.
1171 4089 1276 4144 tabulas
1295 4093 1335 4144 vel

200 4187 306 4226 mensas
324 4173 422 4228 citreae
440 4173 577 4228 rotundas.
595 4204 629 4214 —
653 4174 755 4241 grande
774 4181 822 4230 eto.
847 4191 1000 4230 mensarum
1018 4175 1100 4244 pedes
1120 4191 1153 4230 ex
1172 4175 1253 4230 ebore
1270 4176 1333 4232 facti

198 4258 239 4311 vel
258 4259 385 4314 robustus
403 4275 451 4328 pes
470 4275 503 4314 ex
521 4260 609 4313 ebore.
628 4289 660 4299 —
681 4267 722 4315 est
740 4277 803 4328 ergo
821 4262 922 4329 pardus
945 4261 997 4315 hoo
1015 4261 1073 4317 loco
1091 4261 1205 4316 fulcrum
1224 4278 1332 4323 mensae

199 4361 232 4399 ex
259 4346 339 4400 ebore
365 4348 393 4400 in
419 4345 533 4415 figuram
559 4346 601 4400 vel
628 4346 743 4413 effigiem
768 4347 846 4415 pardi
873 4348 1021 4417 sculptum,
1054 4363 1171 4404 mensam
1198 4349 1332 4404 sustinens

197 4433 255 4487 loeo
273 4433 350 4502 pedis
