3076 4762
687 287 906 358 *30*

234 459 425 549 interrumpi
445 479 609 548 negamus.
647 464 846 549 Saepissime
868 468 954 532 enim
975 473 1073 552 poeta
1095 473 1128 539 in
1149 480 1290 551 moribus
1313 491 1367 558 vel

234 569 329 634 rebus
352 567 451 652 gestis
473 568 526 632 rel
542 567 617 632 fatie
633 569 798 634 hominum
814 570 1033 638 describendis
1050 577 1156 646 facere
1171 605 1235 650 non
1251 597 1367 673 potest,

235 673 322 756 quia,
346 671 422 754 quid
435 673 514 756 ipse
537 672 664 746 sentiat,
687 672 861 757 aliquando
885 676 1038 760 proferat.
1076 683 1116 748 cf.
1139 687 1182 770 H,
1209 692 1287 776 1393
1309 697 1367 781 IV,

234 777 276 842 96
292 796 339 862 eq.
364 776 418 842 Sic
438 776 500 840 hcc
522 776 592 840 loco
615 777 766 840 astutiam
789 778 1021 846 causidicorum
1042 806 1228 877 pauperum,
1253 799 1307 882 qui
1326 801 1368 864 ad

234 879 354 944 famam
380 878 621 964 adipiscendam
659 880 891 966 pecuniamque
923 887 1173 970 conquirendam
1210 917 1368 985 purpuras

120 1066 123 1074 .
232 989 349 1067 vestes,
373 985 591 1065 amethystina
614 983 792 1050 conducant
815 991 847 1050 et
863 986 921 1051 sub
942 991 1048 1074 specie
1072 993 1255 1066 diuitiarum
1278 1005 1368 1073 laute

234 1107 273 1151 ac
295 1087 466 1172 splendide
489 1088 611 1170 vivant,
635 1087 831 1153 laudandam
855 1111 926 1155 esse
949 1091 1036 1178 dicit,
1058 1099 1131 1182 nisi,
1153 1107 1189 1166 ut
1211 1105 1279 1171 fere
1301 1107 1368 1194 fiat,

234 1192 321 1255 ultra
342 1193 426 1256 vires
449 1197 596 1278 sumptus
618 1192 749 1257 faciant.
982 1205 984 1214 ⁴

232 1317 262 1360 v.
288 1295 363 1361 181:

320 1400 373 1464 hic
394 1399 510 1484 potius,
532 1420 671 1485 namque
694 1399 745 1464 hic
767 1400 906 1465 mundae
927 1403 1011 1469 nitet
1032 1412 1153 1491 ungula
1173 1414 1291 1498 mulae,

233 1505 354 1569 sicum
375 1503 563 1568 Heinrichio
588 1505 623 1585 (I.
647 1526 673 1568 c.
695 1525 727 1588 p.
751 1502 829 1584 305)
852 1526 924 1570 cum
944 1506 1125 1578 Ribbeckio
1148 1516 1184 1597 (l.
1200 1538 1226 1582 c.
1241 1540 1273 1603 p.
1292 1519 1367 1601 131)

233 1629 305 1673 cum
333 1607 452 1673 Jahnio
486 1613 604 1692 poetae
637 1628 701 1671 non
736 1629 806 1672 esse
841 1611 1121 1694 contenderemus,
1155 1639 1266 1686 omnes
1299 1623 1367 1688 fere

230 1719 358 1794 versus,
394 1712 449 1796 qni
476 1711 681 1776 antecedenti
707 1712 951 1796 interrogationi
979 1717 1191 1804 respondent,
1225 1727 1367 1794 retinere

232 1837 296 1882 ncn
325 1836 501 1900 possemus.
547 1815 632 1880 Sane
667 1815 719 1878 hic
752 1815 841 1880 locus
870 1816 966 1880 valde
997 1819 1169 1904 languidus
1201 1833 1235 1890 et
1257 1850 1368 1915 super-

232 1940 349 1984 caneus
383 1924 448 2002 est3
483 1917 540 1982 sed
573 1918 635 1983 hac
663 1939 776 1982 norma
804 1939 915 1984 versus
936 1920 1104 1989 Iuvenalis
1133 1927 1273 2010 judicari
1303 1954 1368 1998 non

231 2045 324 2109 posse
347 2023 526 2088 identidem
548 2022 846 2088 demonstravimus.

334 2128 512 2192 Praeterea
533 2127 619 2192 hunc
647 2147 773 2191 versum
795 2128 893 2193 Ribb.
921 2128 1090 2196 obscurum
1113 2153 1185 2198 esse
1208 2137 1367 2222 opinatur,

232 2252 328 2317 quum
343 2233 478 2297 verbum
504 2229 682 2315 ,gestetur“
709 2233 836 2316 longius
860 2231 915 2324 (ex
930 2253 960 2298 v.
978 2233 1053 2314 179)
1076 2240 1289 2320 repetendum
1311 2242 1364 2309 sit.

230 2334 276 2398 At
297 2335 433 2400 verbum
454 2335 579 2398 finitum
602 2336 754 2424 omissum
776 2338 902 2422 saepius
926 2333 1141 2423 circensibus,
1166 2345 1220 2427 qui
1235 2352 1364 2411 antece-

229 2438 319 2522 dunt,
343 2439 528 2505 addendum
550 2459 621 2503 csse
644 2440 797 2524 probanti
819 2441 878 2524 XI,
901 2441 957 2524 69;
981 2441 1037 2506 alii
1060 2441 1132 2507 loci.

645 2746 794 2854 Satira
828 2749 949 2856 VIII.

228 2956 280 3022 De
303 2977 391 3024 vers:
418 2957 439 3022 4
462 2979 503 3023 ss.

316 3067 349 3126 et
372 3061 484 3127 Ourios
504 3062 573 3146 jam
596 3062 745 3128 dimidios
768 3064 983 3149 humerosque
1005 3066 1161 3129 minorem

316 3166 489 3232 Corvinum
511 3172 544 3230 et
567 3166 707 3232 Galbam
730 3167 882 3232 auriculis
905 3189 1047 3253 nasoque
1070 3168 1258 3232 carentem?

317 3271 388 3356 quis
411 3271 532 3336 fructus
555 3271 683 3355 generis
706 3271 819 3336 tabula
836 3273 963 3356 jactare
988 3271 1098 3356 capaci

316 3374 499 3458 Corvinum,
521 3377 658 3460 posthac
679 3377 783 3441 multa
805 3377 990 3460 contingere
1012 3375 1106 3458 virga

312 3479 453 3544 fumosos
476 3480 619 3564 equitum
642 3502 714 3546 cum
736 3480 891 3546 dictatore
914 3480 1095 3564 magistros,

231 3583 411 3649 sententiae
441 3585 583 3648 virorum
612 3584 778 3649 doctorum
809 3586 950 3649 maxime
984 3588 1057 3648 sunt
1089 3583 1253 3665 diversae,
1288 3603 1368 3668 quas

230 3709 418 3754 enumerare
442 3689 574 3772 longum
590 3693 648 3752 est.
674 3688 814 3754 Versum
837 3687 854 3753 7
880 3689 907 3754 si
930 3709 1000 3752 curn
1016 3687 1216 3770 Heinrichie,
1238 3687 1367 3768 Iahnio,

229 3789 372 3856 Webero
403 3793 476 3856 aliis
507 3797 641 3856 etextu
663 3813 881 3876 removemus,
915 3791 1139 3874 difficultates,
1174 3791 1289 3877 quibus
1316 3790 1367 3854 hic

229 3897 318 3962 locus
341 3896 478 3979 laborat,
501 3896 644 3960 tollimus
652 3892 687 3975 ¹).
709 3896 807 3961 Ribb.
830 3894 868 3980 (l.
884 3919 911 3961 c.
927 3918 958 3982 p.
973 3894 1029 3977 96)
1052 3895 1168 3961 mirum
1189 3896 1223 3959 in
1238 3892 1369 3958 modum

230 3999 280 4064 hie
302 4000 447 4066 versibus
470 3999 655 4080 offenditur,
679 3999 725 4064 sic
748 3999 873 4064 dicens:
896 4001 959 4064 Die
982 4005 1106 4082 grteste
1123 3996 1369 4079 Schwierigkeit

230 4103 309 4170 aber
332 4105 412 4187 licgt
434 4103 469 4167 in
491 4102 548 4167 der
571 4102 797 4168 Oonstmotion
821 4102 878 4167 des
894 4103 1133 4168 Stammbaume
1156 4101 1269 4183 selbst,
1292 4099 1371 4164 oder

228 4209 262 4274 in
291 4207 349 4272 der
370 4207 560 4289 Annahme,
595 4206 669 4271 dass
698 4207 850 4272 derselbe
872 4206 998 4273 Junker
1026 4213 1121 4272 unter
1148 4205 1261 4270 seinen
1287 4203 1370 4270 Vor-

233 4361 438 4374 a--fl-——a——nn

336 4428 359 4498 ll
378 4426 412 4484 cl.
430 4427 461 4482 B.
479 4426 547 4494 Imp.
566 4425 584 4482 l.
602 4442 626 4484 c.
645 4443 672 4496 p.
690 4430 724 4482 34
