<?xml version="1.0" encoding="UTF-8"?>
<!DOCTYPE html PUBLIC "-//W3C//DTD XHTML 1.0 Transitional//EN"
    "http://www.w3.org/TR/xhtml1/DTD/xhtml1-transitional.dtd">
<html xmlns="http://www.w3.org/1999/xhtml" xml:lang="en" lang="en">
 <head>
  <title>
</title>
<meta http-equiv="Content-Type" content="text/html;charset=utf-8" />
  <meta name='ocr-system' content='tesseract 3.04.00' />
  <meta name='ocr-capabilities' content='ocr_page ocr_carea ocr_par ocr_line ocrx_word'/>
</head>
<body>
  <div class='ocr_page' id='page_1' title='image "./vindiciaejuvena00doetgoog_0031.png"; bbox 0 0 3076 4762; ppageno 0'>
   <div class='ocr_carea' id='block_1_1' title="bbox 684 315 900 382">
    <p class='ocr_par' dir='ltr' id='par_1_1' title="bbox 684 315 900 382">
     <span class='ocr_line' id='line_1_1' title="bbox 684 315 900 382; baseline 0.009 -20"><span class='ocrx_word' id='word_1_1' title='bbox 684 315 900 382; x_wconf 74' lang='lat'>..25-</span> 
     </span>
    </p>
   </div>
   <div class='ocr_carea' id='block_1_2' title="bbox 257 489 1232 783">
    <p class='ocr_par' dir='ltr' id='par_1_2' title="bbox 257 489 1232 783">
     <span class='ocr_line' id='line_1_2' title="bbox 357 489 1101 573; baseline 0.003 -20"><span class='ocrx_word' id='word_1_2' title='bbox 357 489 460 573; x_wconf 86' lang='lat' dir='ltr'>major</span> <span class='ocrx_word' id='word_1_3' title='bbox 481 489 662 554; x_wconf 78' lang='lat' dir='ltr'>habebatur</span> <span class='ocrx_word' id='word_1_4' title='bbox 685 489 827 554; x_wconf 87' lang='lat' dir='ltr'>donandi</span> <span class='ocrx_word' id='word_1_5' title='bbox 850 490 971 573; x_wconf 90' lang='lat' dir='ltr'>gloria:</span> <span class='ocrx_word' id='word_1_6' title='bbox 996 491 1101 555; x_wconf 91' lang='lat' dir='ltr'>solum</span> 
     </span>
     <span class='ocr_line' id='line_1_3' title="bbox 356 593 1232 680; baseline 0.002 -22"><span class='ocrx_word' id='word_1_7' title='bbox 356 595 528 680; x_wconf 88' lang='lat' dir='ltr'>poscimus,</span> <span class='ocrx_word' id='word_1_8' title='bbox 550 599 586 657; x_wconf 90' lang='lat' dir='ltr'>ut</span> <span class='ocrx_word' id='word_1_9' title='bbox 608 613 723 657; x_wconf 89' lang='lat' dir='ltr'>coenes</span> <span class='ocrx_word' id='word_1_10' title='bbox 746 593 897 676; x_wconf 77' lang='lat' dir='ltr'>civiliter,</span> <span class='ocrx_word' id='word_1_11' title='bbox 919 595 981 659; x_wconf 90' lang='lat' dir='ltr'>hoc</span> <span class='ocrx_word' id='word_1_12' title='bbox 1003 595 1074 659; x_wconf 85' lang='lat' dir='ltr'>face</span> <span class='ocrx_word' id='word_1_13' title='bbox 1098 600 1130 660; x_wconf 93' lang='lat' dir='ltr'>et</span> <span class='ocrx_word' id='word_1_14' title='bbox 1153 601 1232 677; x_wconf 89' lang='lat' dir='ltr'>esto,</span> 
     </span>
     <span class='ocr_line' id='line_1_4' title="bbox 257 697 1220 783; baseline 0.001 -20"><span class='ocrx_word' id='word_1_15' title='bbox 257 717 261 724; x_wconf 89' lang='lat'>·</span> <span class='ocrx_word' id='word_1_16' title='bbox 357 706 436 782; x_wconf 91' lang='lat' dir='ltr'>esto,</span> <span class='ocrx_word' id='word_1_17' title='bbox 459 704 495 762; x_wconf 91' lang='lat' dir='ltr'>nt</span> <span class='ocrx_word' id='word_1_18' title='bbox 516 719 601 762; x_wconf 91' lang='lat' dir='ltr'>nuno</span> <span class='ocrx_word' id='word_1_19' title='bbox 623 697 726 779; x_wconf 89' lang='lat' dir='ltr'>multi,</span> <span class='ocrx_word' id='word_1_20' title='bbox 749 697 839 760; x_wconf 86' lang='lat' dir='ltr'>dives</span> <span class='ocrx_word' id='word_1_21' title='bbox 862 697 930 780; x_wconf 91' lang='lat' dir='ltr'>tibi,</span> <span class='ocrx_word' id='word_1_22' title='bbox 953 718 1077 783; x_wconf 83' lang='lat' dir='ltr'>pauper</span> <span class='ocrx_word' id='word_1_23' title='bbox 1099 701 1220 783; x_wconf 87' lang='lat' dir='ltr'>amieis,</span> 
     </span>
    </p>
   </div>
   <div class='ocr_carea' id='block_1_3' title="bbox 177 817 1363 3714">
    <p class='ocr_par' dir='ltr' id='par_1_3' title="bbox 225 817 1363 2049">
     <span class='ocr_line' id='line_1_5' title="bbox 228 817 1362 907; baseline 0.004 -23"><span class='ocrx_word' id='word_1_24' title='bbox 228 819 397 905; x_wconf 87' lang='lat' dir='ltr'>quominus</span> <span class='ocrx_word' id='word_1_25' title='bbox 420 840 491 885; x_wconf 90' lang='lat' dir='ltr'>oum</span> <span class='ocrx_word' id='word_1_26' title='bbox 512 818 694 884; x_wconf 89' lang='lat' dir='ltr'>Ribbeckio</span> <span class='ocrx_word' id='word_1_27' title='bbox 717 818 753 899; x_wconf 88' lang='lat' dir='ltr'>(l.</span> <span class='ocrx_word' id='word_1_28' title='bbox 770 841 796 883; x_wconf 92' lang='grc'>0.</span> <span class='ocrx_word' id='word_1_29' title='bbox 811 839 843 903; x_wconf 86' lang='lat' dir='ltr'>p.</span> <span class='ocrx_word' id='word_1_30' title='bbox 862 817 937 899; x_wconf 79' lang='lat'>107)</span> <span class='ocrx_word' id='word_1_31' title='bbox 958 819 1110 885; x_wconf 86' lang='lat' dir='ltr'>Juvenali</span> <span class='ocrx_word' id='word_1_32' title='bbox 1132 821 1362 907; x_wconf 79' lang='lat' dir='ltr'>abjudicemus,</span> 
     </span>
     <span class='ocr_line' id='line_1_6' title="bbox 227 923 1363 1012; baseline 0.004 -25"><span class='ocrx_word' id='word_1_33' title='bbox 227 925 389 1009; x_wconf 88' lang='lat' dir='ltr'>permulta</span> <span class='ocrx_word' id='word_1_34' title='bbox 429 945 487 989; x_wconf 93' lang='lat' dir='ltr'>nos</span> <span class='ocrx_word' id='word_1_35' title='bbox 524 923 706 1009; x_wconf 91' lang='lat' dir='ltr'>prohibent.</span> <span class='ocrx_word' id='word_1_36' title='bbox 761 924 904 988; x_wconf 88' lang='lat' dir='ltr'>Primum</span> <span class='ocrx_word' id='word_1_37' title='bbox 938 925 965 988; x_wconf 86' lang='lat' dir='ltr'>si</span> <span class='ocrx_word' id='word_1_38' title='bbox 1002 925 1084 989; x_wconf 90' lang='lat' dir='ltr'>haec</span> <span class='ocrx_word' id='word_1_39' title='bbox 1117 926 1235 1007; x_wconf 90' lang='lat' dir='ltr'>satira,</span> <span class='ocrx_word' id='word_1_40' title='bbox 1273 929 1363 1012; x_wconf 88' lang='lat' dir='ltr'>cujus</span> 
     </span>
     <span class='ocr_line' id='line_1_7' title="bbox 227 1027 1363 1114; baseline 0.004 -22"><span class='ocrx_word' id='word_1_41' title='bbox 227 1029 369 1092; x_wconf 88' lang='lat' dir='ltr'>maxima</span> <span class='ocrx_word' id='word_1_42' title='bbox 389 1049 464 1113; x_wconf 90' lang='lat' dir='ltr'>pars</span> <span class='ocrx_word' id='word_1_43' title='bbox 480 1029 586 1096; x_wconf 89' lang='lat' dir='ltr'>omnia</span> <span class='ocrx_word' id='word_1_44' title='bbox 602 1048 642 1092; x_wconf 91' lang='lat' dir='ltr'>ea</span> <span class='ocrx_word' id='word_1_45' title='bbox 657 1027 843 1092; x_wconf 87' lang='lat' dir='ltr'>discrimina</span> <span class='ocrx_word' id='word_1_46' title='bbox 858 1034 1034 1110; x_wconf 90' lang='lat' dir='ltr'>enumerat,</span> <span class='ocrx_word' id='word_1_47' title='bbox 1058 1049 1139 1113; x_wconf 87' lang='lat' dir='ltr'>quae</span> <span class='ocrx_word' id='word_1_48' title='bbox 1155 1050 1214 1114; x_wconf 90' lang='lat' dir='ltr'>per</span> <span class='ocrx_word' id='word_1_49' title='bbox 1229 1048 1363 1096; x_wconf 89' lang='lat' dir='ltr'>coenam</span> 
     </span>
     <span class='ocr_line' id='line_1_8' title="bbox 226 1130 1362 1218; baseline 0 -22"><span class='ocrx_word' id='word_1_50' title='bbox 226 1133 311 1197; x_wconf 92' lang='lat' dir='ltr'>inter</span> <span class='ocrx_word' id='word_1_51' title='bbox 332 1132 504 1196; x_wconf 82' lang='lat' dir='ltr'>Virronem</span> <span class='ocrx_word' id='word_1_52' title='bbox 534 1130 666 1196; x_wconf 87' lang='lat' dir='ltr'>divitem</span> <span class='ocrx_word' id='word_1_53' title='bbox 697 1137 729 1196; x_wconf 92' lang='lat' dir='ltr'>et</span> <span class='ocrx_word' id='word_1_54' title='bbox 760 1133 910 1197; x_wconf 89' lang='lat' dir='ltr'>clientem</span> <span class='ocrx_word' id='word_1_55' title='bbox 943 1153 1116 1218; x_wconf 83' lang='lat' dir='ltr'>pauperem</span> <span class='ocrx_word' id='word_1_56' title='bbox 1148 1132 1362 1216; x_wconf 87' lang='lat' dir='ltr'>intercedunt,</span> 
     </span>
     <span class='ocr_line' id='line_1_9' title="bbox 228 1227 1361 1320; baseline 0.001 -20"><span class='ocrx_word' id='word_1_57' title='bbox 228 1234 366 1300; x_wconf 91' lang='lat' dir='ltr'>eundem</span> <span class='ocrx_word' id='word_1_58' title='bbox 388 1255 515 1320; x_wconf 82' lang='lat' dir='ltr'>semper</span> <span class='ocrx_word' id='word_1_59' title='bbox 536 1241 682 1301; x_wconf 89' lang='lat' dir='ltr'>tenorem</span> <span class='ocrx_word' id='word_1_60' title='bbox 704 1227 865 1318; x_wconf 84' lang='lat' dir='ltr'>servaret,</span> <span class='ocrx_word' id='word_1_61' title='bbox 894 1237 990 1301; x_wconf 84' lang='lat' dir='ltr'>facile</span> <span class='ocrx_word' id='word_1_62' title='bbox 1019 1237 1165 1301; x_wconf 90' lang='lat' dir='ltr'>omnibus</span> <span class='ocrx_word' id='word_1_63' title='bbox 1188 1237 1361 1302; x_wconf 87' lang='lat' dir='ltr'>lectoribus</span> 
     </span>
     <span class='ocr_line' id='line_1_10' title="bbox 226 1336 1363 1425; baseline 0.002 -21"><span class='ocrx_word' id='word_1_64' title='bbox 226 1339 391 1404; x_wconf 85' lang='lat' dir='ltr'>fastidium</span> <span class='ocrx_word' id='word_1_65' title='bbox 424 1345 569 1404; x_wconf 81' lang='lat' dir='ltr'>moveret</span> <span class='ocrx_word' id='word_1_66' title='bbox 579 1336 614 1418; x_wconf 87' lang='lat'>¹).</span> <span class='ocrx_word' id='word_1_67' title='bbox 656 1339 785 1405; x_wconf 87' lang='lat' dir='ltr'>Deinde</span> <span class='ocrx_word' id='word_1_68' title='bbox 812 1341 873 1405; x_wconf 92' lang='lat' dir='ltr'>hoc</span> <span class='ocrx_word' id='word_1_69' title='bbox 902 1340 1134 1404; x_wconf 89' lang='lat' dir='ltr'>deverticulum</span> <span class='ocrx_word' id='word_1_70' title='bbox 1162 1345 1274 1425; x_wconf 89' lang='lat' dir='ltr'>poeta,</span> <span class='ocrx_word' id='word_1_71' title='bbox 1308 1341 1363 1424; x_wconf 89' lang='lat' dir='ltr'>qui</span> 
     </span>
     <span class='ocr_line' id='line_1_11' title="bbox 227 1443 1361 1529; baseline 0 -21"><span class='ocrx_word' id='word_1_72' title='bbox 227 1465 261 1508; x_wconf 90' lang='lat' dir='ltr'>se</span> <span class='ocrx_word' id='word_1_73' title='bbox 284 1444 525 1508; x_wconf 78' lang='lat' dir='ltr'>adolescentem</span> <span class='ocrx_word' id='word_1_74' title='bbox 548 1443 610 1508; x_wconf 91' lang='lat' dir='ltr'>arti</span> <span class='ocrx_word' id='word_1_75' title='bbox 631 1443 809 1508; x_wconf 78' lang='lat' dir='ltr'>rhetoricae</span> <span class='ocrx_word' id='word_1_76' title='bbox 826 1464 956 1528; x_wconf 89' lang='lat' dir='ltr'>operam</span> <span class='ocrx_word' id='word_1_77' title='bbox 971 1464 1107 1509; x_wconf 84' lang='lat' dir='ltr'>navasse</span> <span class='ocrx_word' id='word_1_78' title='bbox 1122 1445 1192 1528; x_wconf 89' lang='lat' dir='ltr'>ipse</span> <span class='ocrx_word' id='word_1_79' title='bbox 1207 1445 1233 1521; x_wconf 88' lang='grc' dir='ltr'>Ι,</span> <span class='ocrx_word' id='word_1_80' title='bbox 1258 1443 1298 1509; x_wconf 82' lang='grc'><strong>15</strong></span> <span class='ocrx_word' id='word_1_81' title='bbox 1313 1466 1361 1529; x_wconf 90' lang='lat' dir='ltr'>sq.</span> 
     </span>
     <span class='ocr_line' id='line_1_12' title="bbox 227 1545 1361 1634; baseline -0.002 -22"><span class='ocrx_word' id='word_1_82' title='bbox 227 1548 404 1631; x_wconf 89' lang='lat' dir='ltr'>confitetur,</span> <span class='ocrx_word' id='word_1_83' title='bbox 425 1549 522 1634; x_wconf 90' lang='lat' dir='ltr'>plane</span> <span class='ocrx_word' id='word_1_84' title='bbox 539 1548 671 1632; x_wconf 84' lang='lat' dir='ltr'>dignmn</span> <span class='ocrx_word' id='word_1_85' title='bbox 686 1545 871 1611; x_wconf 91' lang='lat' dir='ltr'>habendum</span> <span class='ocrx_word' id='word_1_86' title='bbox 887 1553 944 1610; x_wconf 90' lang='lat' dir='ltr'>est.</span> <span class='ocrx_word' id='word_1_87' title='bbox 967 1547 1108 1632; x_wconf 89' lang='lat' dir='ltr'>Injuriae</span> <span class='ocrx_word' id='word_1_88' title='bbox 1128 1548 1224 1630; x_wconf 90' lang='lat' dir='ltr'>enim,</span> <span class='ocrx_word' id='word_1_89' title='bbox 1247 1547 1361 1631; x_wconf 92' lang='lat' dir='ltr'>quibus</span> 
     </span>
     <span class='ocr_line' id='line_1_13' title="bbox 227 1650 1363 1738; baseline -0.003 -21"><span class='ocrx_word' id='word_1_90' title='bbox 227 1653 378 1718; x_wconf 86' lang='lat' dir='ltr'>clientem</span> <span class='ocrx_word' id='word_1_91' title='bbox 402 1652 491 1716; x_wconf 84' lang='lat' dir='ltr'>dives</span> <span class='ocrx_word' id='word_1_92' title='bbox 513 1658 667 1738; x_wconf 88' lang='lat' dir='ltr'>patronus</span> <span class='ocrx_word' id='word_1_93' title='bbox 691 1650 806 1733; x_wconf 81' lang='lat' dir='ltr'>afficit,</span> <span class='ocrx_word' id='word_1_94' title='bbox 829 1656 998 1735; x_wconf 80' lang='lat' dir='ltr'>tantopere</span> <span class='ocrx_word' id='word_1_95' title='bbox 1022 1659 1137 1736; x_wconf 89' lang='lat' dir='ltr'>poetae</span> <span class='ocrx_word' id='word_1_96' title='bbox 1160 1652 1363 1717; x_wconf 88' lang='lat' dir='ltr'>stomachum</span> 
     </span>
     <span class='ocr_line' id='line_1_14' title="bbox 225 1753 1361 1840; baseline -0.004 -18"><span class='ocrx_word' id='word_1_97' title='bbox 225 1764 365 1839; x_wconf 88' lang='lat' dir='ltr'>movent,</span> <span class='ocrx_word' id='word_1_98' title='bbox 388 1763 424 1822; x_wconf 93' lang='lat' dir='ltr'>ut</span> <span class='ocrx_word' id='word_1_99' title='bbox 446 1758 626 1822; x_wconf 78' lang='lat' dir='ltr'>rhetoricae</span> <span class='ocrx_word' id='word_1_100' title='bbox 642 1777 719 1820; x_wconf 87' lang='lat' dir='ltr'>suae</span> <span class='ocrx_word' id='word_1_101' title='bbox 734 1753 837 1820; x_wconf 88' lang='lat' dir='ltr'>indoli</span> <span class='ocrx_word' id='word_1_102' title='bbox 853 1755 997 1820; x_wconf 90' lang='lat' dir='ltr'>habenas</span> <span class='ocrx_word' id='word_1_103' title='bbox 1012 1757 1155 1820; x_wconf 89' lang='lat' dir='ltr'>remittat</span> <span class='ocrx_word' id='word_1_104' title='bbox 1174 1776 1361 1840; x_wconf 90' lang='lat' dir='ltr'>summaque</span> 
     </span>
     <span class='ocr_line' id='line_1_15' title="bbox 226 1858 1363 1946; baseline -0.002 -20"><span class='ocrx_word' id='word_1_105' title='bbox 226 1882 297 1926; x_wconf 93' lang='lat' dir='ltr'>cum</span> <span class='ocrx_word' id='word_1_106' title='bbox 327 1861 550 1946; x_wconf 83' lang='lat' dir='ltr'>indignatione</span> <span class='ocrx_word' id='word_1_107' title='bbox 582 1862 616 1925; x_wconf 94' lang='lat' dir='ltr'>in</span> <span class='ocrx_word' id='word_1_108' title='bbox 637 1859 808 1924; x_wconf 87' lang='lat' dir='ltr'>Virronem</span> <span class='ocrx_word' id='word_1_109' title='bbox 840 1859 1021 1924; x_wconf 83' lang='lat' dir='ltr'>invehatur.</span> <span class='ocrx_word' id='word_1_110' title='bbox 1065 1861 1148 1925; x_wconf 82' lang='lat' dir='ltr'>Tum</span> <span class='ocrx_word' id='word_1_111' title='bbox 1177 1859 1227 1923; x_wconf 90' lang='lat' dir='ltr'>ira</span> <span class='ocrx_word' id='word_1_112' title='bbox 1249 1858 1363 1924; x_wconf 87' lang='lat' dir='ltr'>sedata</span> 
     </span>
     <span class='ocr_line' id='line_1_16' title="bbox 227 1964 897 2049; baseline -0.001 -21"><span class='ocrx_word' id='word_1_113' title='bbox 227 1965 314 2048; x_wconf 89' lang='lat' dir='ltr'>illuc,</span> <span class='ocrx_word' id='word_1_114' title='bbox 336 1964 422 2029; x_wconf 91' lang='lat' dir='ltr'>unde</span> <span class='ocrx_word' id='word_1_115' title='bbox 447 1965 612 2049; x_wconf 89' lang='lat' dir='ltr'>digressus</span> <span class='ocrx_word' id='word_1_116' title='bbox 635 1970 694 2046; x_wconf 89' lang='lat' dir='ltr'>est,</span> <span class='ocrx_word' id='word_1_117' title='bbox 717 1964 897 2036; x_wconf 85' lang='lat' dir='ltr'>revertitur.</span> 
     </span>
    </p>

    <p class='ocr_par' dir='ltr' id='par_1_4' title="bbox 223 2065 1362 3089">
     <span class='ocr_line' id='line_1_17' title="bbox 327 2065 1362 2151; baseline -0.004 -18"><span class='ocrx_word' id='word_1_118' title='bbox 327 2069 421 2134; x_wconf 83' lang='lat' dir='ltr'>Auoh</span> <span class='ocrx_word' id='word_1_119' title='bbox 444 2070 515 2134; x_wconf 90' lang='lat' dir='ltr'>hier</span> <span class='ocrx_word' id='word_1_120' title='bbox 536 2069 590 2132; x_wconf 91' lang='lat' dir='ltr'>bei</span> <span class='ocrx_word' id='word_1_121' title='bbox 613 2067 670 2132; x_wconf 91' lang='lat' dir='ltr'>der</span> <span class='ocrx_word' id='word_1_122' title='bbox 691 2066 898 2151; x_wconf 81' lang='lat' dir='ltr'>Erinnerrmg</span> <span class='ocrx_word' id='word_1_123' title='bbox 920 2087 963 2130; x_wconf 91' lang='lat' dir='ltr'>an</span> <span class='ocrx_word' id='word_1_124' title='bbox 985 2067 1121 2132; x_wconf 88' lang='lat' dir='ltr'>liberale</span> <span class='ocrx_word' id='word_1_125' title='bbox 1140 2067 1281 2131; x_wconf 89' lang='lat' dir='ltr'>Patrone</span> <span class='ocrx_word' id='word_1_126' title='bbox 1304 2065 1362 2129; x_wconf 91' lang='lat' dir='ltr'>der</span> 
     </span>
     <span class='ocr_line' id='line_1_18' title="bbox 223 2169 1361 2258; baseline -0.004 -21"><span class='ocrx_word' id='word_1_127' title='bbox 223 2171 366 2255; x_wconf 83' lang='lat' dir='ltr'>Vorneit,</span> <span class='ocrx_word' id='word_1_128' title='bbox 389 2173 492 2258; x_wconf 90' lang='lat' dir='ltr'>inquit</span> <span class='ocrx_word' id='word_1_129' title='bbox 514 2172 622 2253; x_wconf 92' lang='lat' dir='ltr'>Ribb.,</span> <span class='ocrx_word' id='word_1_130' title='bbox 645 2172 702 2236; x_wconf 92' lang='lat' dir='ltr'>hat</span> <span class='ocrx_word' id='word_1_131' title='bbox 725 2192 760 2236; x_wconf 91' lang='lat' dir='ltr'>er</span> <span class='ocrx_word' id='word_1_132' title='bbox 783 2173 872 2236; x_wconf 87' lang='lat' dir='ltr'>aeine</span> <span class='ocrx_word' id='word_1_133' title='bbox 892 2172 1015 2237; x_wconf 88' lang='lat' dir='ltr'>Muster</span> <span class='ocrx_word' id='word_1_134' title='bbox 1038 2170 1242 2256; x_wconf 81' lang='lat' dir='ltr'>gepllindert.</span> <span class='ocrx_word' id='word_1_135' title='bbox 1287 2169 1361 2252; x_wconf 87' lang='lat' dir='ltr'>VH,</span> 
     </span>
     <span class='ocr_line' id='line_1_19' title="bbox 223 2274 1361 2359; baseline -0.004 -16"><span class='ocrx_word' id='word_1_136' title='bbox 223 2276 275 2343; x_wconf 87' lang='grc'>94.</span> <span class='ocrx_word' id='word_1_137' title='bbox 298 2278 320 2341; x_wconf 84' lang='lat' dir='ltr'>f.</span> <span class='ocrx_word' id='word_1_138' title='bbox 343 2277 460 2343; x_wconf 91' lang='lat' dir='ltr'>Utrum</span> <span class='ocrx_word' id='word_1_139' title='bbox 475 2277 571 2341; x_wconf 79' lang='lat' dir='ltr'>Cotta</span> <span class='ocrx_word' id='word_1_140' title='bbox 592 2275 653 2339; x_wconf 91' lang='lat' dir='ltr'>hoo</span> <span class='ocrx_word' id='word_1_141' title='bbox 676 2276 746 2341; x_wconf 88' lang='lat' dir='ltr'>loco</span> <span class='ocrx_word' id='word_1_142' title='bbox 768 2275 855 2340; x_wconf 91' lang='lat' dir='ltr'>idern</span> <span class='ocrx_word' id='word_1_143' title='bbox 870 2278 920 2358; x_wconf 90' lang='lat' dir='ltr'>sit,</span> <span class='ocrx_word' id='word_1_144' title='bbox 944 2277 999 2359; x_wconf 91' lang='lat' dir='ltr'>qui</span> <span class='ocrx_word' id='word_1_145' title='bbox 1013 2275 1088 2358; x_wconf 88' lang='lat' dir='ltr'>Vll,</span> <span class='ocrx_word' id='word_1_146' title='bbox 1112 2274 1154 2341; x_wconf 79' lang='lat'>95</span> <span class='ocrx_word' id='word_1_147' title='bbox 1169 2275 1361 2356; x_wconf 89' lang='lat' dir='ltr'>nominatur,</span> 
     </span>
     <span class='ocr_line' id='line_1_20' title="bbox 225 2377 1360 2464; baseline -0.004 -19"><span class='ocrx_word' id='word_1_148' title='bbox 225 2402 337 2464; x_wconf 89' lang='lat' dir='ltr'>neone,</span> <span class='ocrx_word' id='word_1_149' title='bbox 360 2380 456 2445; x_wconf 83' lang='lat' dir='ltr'>valde</span> <span class='ocrx_word' id='word_1_150' title='bbox 479 2379 583 2445; x_wconf 90' lang='lat' dir='ltr'>adhuc</span> <span class='ocrx_word' id='word_1_151' title='bbox 607 2379 802 2462; x_wconf 86' lang='lat' dir='ltr'>dubiumst,</span> <span class='ocrx_word' id='word_1_152' title='bbox 826 2400 922 2463; x_wconf 91' lang='lat' dir='ltr'>quum</span> <span class='ocrx_word' id='word_1_153' title='bbox 937 2400 1047 2443; x_wconf 87' lang='lat' dir='ltr'>omnes</span> <span class='ocrx_word' id='word_1_154' title='bbox 1064 2378 1204 2442; x_wconf 81' lang='lat' dir='ltr'>editores</span> <span class='ocrx_word' id='word_1_155' title='bbox 1219 2377 1360 2442; x_wconf 82' lang='lat' dir='ltr'>Juvena-</span> 
     </span>
     <span class='ocr_line' id='line_1_21' title="bbox 224 2479 1359 2566; baseline -0.005 -17"><span class='ocrx_word' id='word_1_156' title='bbox 224 2485 265 2548; x_wconf 92' lang='lat' dir='ltr'>lis</span> <span class='ocrx_word' id='word_1_157' title='bbox 289 2484 328 2548; x_wconf 90' lang='lat' dir='ltr'>de</span> <span class='ocrx_word' id='word_1_158' title='bbox 353 2505 390 2549; x_wconf 93' lang='lat' dir='ltr'>eo</span> <span class='ocrx_word' id='word_1_159' title='bbox 414 2485 498 2548; x_wconf 91' lang='lat' dir='ltr'>inter</span> <span class='ocrx_word' id='word_1_160' title='bbox 520 2504 554 2547; x_wconf 86' lang='lat' dir='ltr'>ae</span> <span class='ocrx_word' id='word_1_161' title='bbox 578 2483 781 2564; x_wconf 85' lang='lat' dir='ltr'>dissentiant,</span> <span class='ocrx_word' id='word_1_162' title='bbox 805 2500 904 2566; x_wconf 88' lang='lat' dir='ltr'>quare</span> <span class='ocrx_word' id='word_1_163' title='bbox 927 2503 987 2545; x_wconf 88' lang='lat' dir='ltr'>nos</span> <span class='ocrx_word' id='word_1_164' title='bbox 1010 2482 1091 2546; x_wconf 91' lang='lat' dir='ltr'>nihil</span> <span class='ocrx_word' id='word_1_165' title='bbox 1107 2481 1185 2546; x_wconf 91' lang='lat' dir='ltr'>certi</span> <span class='ocrx_word' id='word_1_166' title='bbox 1200 2479 1359 2545; x_wconf 87' lang='lat' dir='ltr'>affirmare</span> 
     </span>
     <span class='ocr_line' id='line_1_22' title="bbox 225 2584 1361 2670; baseline -0.004 -19"><span class='ocrx_word' id='word_1_167' title='bbox 225 2587 389 2652; x_wconf 89' lang='lat' dir='ltr'>audemus.</span> <span class='ocrx_word' id='word_1_168' title='bbox 441 2587 592 2652; x_wconf 75' lang='lat' dir='ltr'>Ceterum</span> <span class='ocrx_word' id='word_1_169' title='bbox 627 2593 737 2650; x_wconf 89' lang='lat' dir='ltr'>contra</span> <span class='ocrx_word' id='word_1_170' title='bbox 769 2592 960 2670; x_wconf 89' lang='lat' dir='ltr'>argumenta</span> <span class='ocrx_word' id='word_1_171' title='bbox 992 2607 1012 2650; x_wconf 90' lang='lat' dir='ltr'>a</span> <span class='ocrx_word' id='word_1_172' title='bbox 1043 2585 1224 2651; x_wconf 87' lang='lat' dir='ltr'>Ribbeokio</span> <span class='ocrx_word' id='word_1_173' title='bbox 1259 2584 1361 2648; x_wconf 87' lang='lat' dir='ltr'>allata</span> 
     </span>
     <span class='ocr_line' id='line_1_23' title="bbox 226 2688 1360 2774; baseline -0.003 -20"><span class='ocrx_word' id='word_1_174' title='bbox 226 2691 457 2774; x_wconf 88' lang='lat' dir='ltr'>contendimus,</span> <span class='ocrx_word' id='word_1_175' title='bbox 479 2690 672 2756; x_wconf 82' lang='lat' dir='ltr'>Juvenalem</span> <span class='ocrx_word' id='word_1_176' title='bbox 695 2710 759 2754; x_wconf 95' lang='lat' dir='ltr'>non</span> <span class='ocrx_word' id='word_1_177' title='bbox 775 2710 846 2754; x_wconf 90' lang='lat' dir='ltr'>esse</span> <span class='ocrx_word' id='word_1_178' title='bbox 862 2709 969 2754; x_wconf 88' lang='lat' dir='ltr'>rerum</span> <span class='ocrx_word' id='word_1_179' title='bbox 985 2691 1182 2774; x_wconf 85' lang='lat' dir='ltr'>scriptorem,</span> <span class='ocrx_word' id='word_1_180' title='bbox 1205 2688 1262 2752; x_wconf 88' lang='lat' dir='ltr'>sed</span> <span class='ocrx_word' id='word_1_181' title='bbox 1284 2707 1360 2772; x_wconf 91' lang='lat' dir='ltr'>poe-</span> 
     </span>
     <span class='ocr_line' id='line_1_24' title="bbox 226 2793 1360 2878; baseline -0.004 -20"><span class='ocrx_word' id='word_1_182' title='bbox 226 2801 302 2877; x_wconf 89' lang='lat' dir='ltr'>tam,</span> <span class='ocrx_word' id='word_1_183' title='bbox 326 2795 376 2859; x_wconf 89' lang='lat' dir='ltr'>cui</span> <span class='ocrx_word' id='word_1_184' title='bbox 397 2816 462 2859; x_wconf 92' lang='lat' dir='ltr'>non</span> <span class='ocrx_word' id='word_1_185' title='bbox 485 2795 632 2860; x_wconf 89' lang='lat' dir='ltr'>omnibus</span> <span class='ocrx_word' id='word_1_186' title='bbox 654 2795 687 2858; x_wconf 92' lang='lat' dir='ltr'>in</span> <span class='ocrx_word' id='word_1_187' title='bbox 711 2794 807 2860; x_wconf 89' lang='lat' dir='ltr'>rebus</span> <span class='ocrx_word' id='word_1_188' title='bbox 829 2797 968 2858; x_wconf 87' lang='lat' dir='ltr'>narratis</span> <span class='ocrx_word' id='word_1_189' title='bbox 986 2795 1089 2878; x_wconf 89' lang='lat' dir='ltr'>possit</span> <span class='ocrx_word' id='word_1_190' title='bbox 1105 2793 1230 2858; x_wconf 87' lang='lat' dir='ltr'>confidi.</span> <span class='ocrx_word' id='word_1_191' title='bbox 1253 2793 1360 2868; x_wconf 80' lang='lat' dir='ltr'>Quare</span> 
     </span>
     <span class='ocr_line' id='line_1_25' title="bbox 226 2895 1360 2984; baseline -0.004 -22"><span class='ocrx_word' id='word_1_192' title='bbox 226 2919 336 2964; x_wconf 90' lang='lat' dir='ltr'>ornnes</span> <span class='ocrx_word' id='word_1_193' title='bbox 358 2900 382 2964; x_wconf 91' lang='lat' dir='ltr'>ii</span> <span class='ocrx_word' id='word_1_194' title='bbox 404 2919 525 2982; x_wconf 85' lang='lat' dir='ltr'>versus,</span> <span class='ocrx_word' id='word_1_195' title='bbox 549 2900 603 2984; x_wconf 93' lang='lat' dir='ltr'>qui</span> <span class='ocrx_word' id='word_1_196' title='bbox 625 2899 779 2964; x_wconf 89' lang='lat' dir='ltr'>historiae</span> <span class='ocrx_word' id='word_1_197' title='bbox 800 2899 877 2962; x_wconf 87' lang='lat' dir='ltr'>fidei</span> <span class='ocrx_word' id='word_1_198' title='bbox 899 2904 1097 2982; x_wconf 86' lang='lat' dir='ltr'>repugnant,</span> <span class='ocrx_word' id='word_1_199' title='bbox 1120 2919 1184 2963; x_wconf 90' lang='lat' dir='ltr'>non</span> <span class='ocrx_word' id='word_1_200' title='bbox 1207 2896 1281 2961; x_wconf 87' lang='lat' dir='ltr'>ideo</span> <span class='ocrx_word' id='word_1_201' title='bbox 1304 2895 1360 2959; x_wconf 75' lang='lat' dir='ltr'>ha</span> 
     </span>
     <span class='ocr_line' id='line_1_26' title="bbox 226 3003 640 3089; baseline 0 -23"><span class='ocrx_word' id='word_1_202' title='bbox 226 3003 325 3067; x_wconf 90' lang='lat' dir='ltr'>bendi</span> <span class='ocrx_word' id='word_1_203' title='bbox 348 3009 422 3067; x_wconf 91' lang='lat' dir='ltr'>sunt</span> <span class='ocrx_word' id='word_1_204' title='bbox 444 3003 640 3089; x_wconf 90' lang='lat' dir='ltr'>interpolati.</span> 
     </span>
    </p>

    <p class='ocr_par' dir='ltr' id='par_1_5' title="bbox 177 3102 1362 3714">
     <span class='ocr_line' id='line_1_27' title="bbox 327 3102 1357 3191; baseline -0.002 -19"><span class='ocrx_word' id='word_1_205' title='bbox 327 3108 506 3172; x_wconf 91' lang='lat' dir='ltr'>Praeterea</span> <span class='ocrx_word' id='word_1_206' title='bbox 518 3106 714 3191; x_wconf 80' lang='lat' dir='ltr'>adjectivum</span> <span class='ocrx_word' id='word_1_207' title='bbox 732 3105 870 3188; x_wconf 86' lang='lat' dir='ltr'>,bonus“</span> <span class='ocrx_word' id='word_1_208' title='bbox 889 3107 1090 3172; x_wconf 87' lang='lat' dir='ltr'>substantivo</span> <span class='ocrx_word' id='word_1_209' title='bbox 1106 3104 1226 3169; x_wconf 91' lang='lat' dir='ltr'>nomini</span> <span class='ocrx_word' id='word_1_210' title='bbox 1245 3102 1357 3185; x_wconf 82' lang='lat' dir='ltr'>,Piso“</span> 
     </span>
     <span class='ocr_line' id='line_1_28' title="bbox 177 3209 1361 3296; baseline -0.003 -19"><span class='ocrx_word' id='word_1_211' title='bbox 177 3211 181 3216; x_wconf 85' lang='grc'><strong>’</strong></span> <span class='ocrx_word' id='word_1_212' title='bbox 227 3212 411 3296; x_wconf 90' lang='lat' dir='ltr'>appositum</span> <span class='ocrx_word' id='word_1_213' title='bbox 432 3211 529 3276; x_wconf 88' lang='lat' dir='ltr'>Ribb.</span> <span class='ocrx_word' id='word_1_214' title='bbox 553 3232 617 3275; x_wconf 92' lang='lat' dir='ltr'>non</span> <span class='ocrx_word' id='word_1_215' title='bbox 640 3211 821 3293; x_wconf 84' lang='lat' dir='ltr'>intellexit,</span> <span class='ocrx_word' id='word_1_216' title='bbox 845 3210 1003 3296; x_wconf 89' lang='lat' dir='ltr'>siquidem</span> <span class='ocrx_word' id='word_1_217' title='bbox 1025 3211 1175 3289; x_wconf 87' lang='lat' dir='ltr'>miratur,</span> <span class='ocrx_word' id='word_1_218' title='bbox 1198 3209 1361 3292; x_wconf 89' lang='lat' dir='ltr'>Pisonem,</span> 
     </span>
     <span class='ocr_line' id='line_1_29' title="bbox 225 3313 1361 3400; baseline -0.002 -20"><span class='ocrx_word' id='word_1_219' title='bbox 225 3317 276 3380; x_wconf 91' lang='lat' dir='ltr'>oui</span> <span class='ocrx_word' id='word_1_220' title='bbox 302 3316 415 3381; x_wconf 80' lang='lat' dir='ltr'>Tacito</span> <span class='ocrx_word' id='word_1_221' title='bbox 447 3321 530 3379; x_wconf 88' lang='lat' dir='ltr'>teste</span> <span class='ocrx_word' id='word_1_222' title='bbox 565 3315 686 3396; x_wconf 85' lang='lat' dir='ltr'>(annal.</span> <span class='ocrx_word' id='word_1_223' title='bbox 700 3314 790 3399; x_wconf 47' lang='lat' dir='ltr'>2XV,</span> <span class='ocrx_word' id='word_1_224' title='bbox 823 3315 879 3396; x_wconf 81' lang='lat'>48)</span> <span class='ocrx_word' id='word_1_225' title='bbox 917 3316 1046 3400; x_wconf 82' lang='lat' dir='ltr'>,procul</span> <span class='ocrx_word' id='word_1_226' title='bbox 1074 3313 1215 3398; x_wconf 85' lang='lat' dir='ltr'>gravitas</span> <span class='ocrx_word' id='word_1_227' title='bbox 1236 3334 1361 3378; x_wconf 90' lang='lat' dir='ltr'>morum</span> 
     </span>
     <span class='ocr_line' id='line_1_30' title="bbox 225 3415 1358 3504; baseline -0.004 -20"><span class='ocrx_word' id='word_1_228' title='bbox 225 3425 281 3486; x_wconf 90' lang='lat' dir='ltr'>aut</span> <span class='ocrx_word' id='word_1_229' title='bbox 302 3419 505 3504; x_wconf 87' lang='lat' dir='ltr'>voluptatum</span> <span class='ocrx_word' id='word_1_230' title='bbox 526 3417 740 3504; x_wconf 87' lang='lat' dir='ltr'>parsimonia“</span> <span class='ocrx_word' id='word_1_231' title='bbox 767 3425 846 3502; x_wconf 89' lang='lat' dir='ltr'>erat,</span> <span class='ocrx_word' id='word_1_232' title='bbox 868 3420 988 3484; x_wconf 90' lang='lat' dir='ltr'>bonum</span> <span class='ocrx_word' id='word_1_233' title='bbox 1011 3417 1180 3503; x_wconf 89' lang='lat' dir='ltr'>appellari.</span> <span class='ocrx_word' id='word_1_234' title='bbox 1213 3415 1358 3498; x_wconf 87' lang='lat' dir='ltr'>,Bonus¹‘</span> 
     </span>
     <span class='ocr_line' id='line_1_31' title="bbox 225 3519 1362 3608; baseline -0.005 -18"><span class='ocrx_word' id='word_1_235' title='bbox 225 3524 371 3590; x_wconf 89' lang='lat' dir='ltr'>hocloco</span> <span class='ocrx_word' id='word_1_236' title='bbox 388 3544 452 3588; x_wconf 90' lang='grc'>000</span> <span class='ocrx_word' id='word_1_237' title='bbox 467 3522 553 3588; x_wconf 91' lang='lat' dir='ltr'>idem</span> <span class='ocrx_word' id='word_1_238' title='bbox 569 3527 627 3606; x_wconf 90' lang='lat' dir='ltr'>est,</span> <span class='ocrx_word' id='word_1_239' title='bbox 651 3523 736 3608; x_wconf 90' lang='lat' dir='ltr'>quod</span> <span class='ocrx_word' id='word_1_240' title='bbox 756 3522 958 3606; x_wconf 88' lang='lat' dir='ltr'>,honestus“,</span> <span class='ocrx_word' id='word_1_241' title='bbox 982 3522 1039 3587; x_wconf 90' lang='lat' dir='ltr'>sed</span> <span class='ocrx_word' id='word_1_242' title='bbox 1056 3521 1141 3606; x_wconf 89' lang='lat' dir='ltr'>qnod</span> <span class='ocrx_word' id='word_1_243' title='bbox 1167 3519 1362 3603; x_wconf 85' lang='lat' dir='ltr'>,liberalis“,</span> 
     </span>
     <span class='ocr_line' id='line_1_32' title="bbox 226 3623 1362 3714; baseline -0.004 -21"><span class='ocrx_word' id='word_1_244' title='bbox 226 3634 261 3693; x_wconf 91' lang='lat' dir='ltr'>ut</span> <span class='ocrx_word' id='word_1_245' title='bbox 283 3630 437 3714; x_wconf 87' lang='lat' dir='ltr'>pleraque</span> <span class='ocrx_word' id='word_1_246' title='bbox 461 3628 690 3695; x_wconf 89' lang='lat' dir='ltr'>commentaria</span> <span class='ocrx_word' id='word_1_247' title='bbox 712 3628 887 3712; x_wconf 85' lang='lat' dir='ltr'>explicant,</span> <span class='ocrx_word' id='word_1_248' title='bbox 911 3626 971 3691; x_wconf 90' lang='lat' dir='ltr'>aut</span> <span class='ocrx_word' id='word_1_249' title='bbox 991 3624 1192 3708; x_wconf 86' lang='lat' dir='ltr'>,munificus“</span> <span class='ocrx_word' id='word_1_250' title='bbox 1220 3623 1362 3709; x_wconf 87' lang='lat' dir='ltr'>(Heinr.)</span> 
     </span>
    </p>
   </div>
   <div class='ocr_carea' id='block_1_4' title="bbox 171 3723 1364 4129">
    <p class='ocr_par' dir='ltr' id='par_1_6' title="bbox 226 3723 1134 3818">
     <span class='ocr_line' id='line_1_33' title="bbox 226 3723 1134 3818; baseline -0.003 -20"><span class='ocrx_word' id='word_1_251' title='bbox 226 3739 281 3798; x_wconf 90' lang='lat' dir='ltr'>aut</span> <span class='ocrx_word' id='word_1_252' title='bbox 307 3732 426 3816; x_wconf 68' lang='lat' dir='ltr'>,dives</span> <span class='ocrx_word' id='word_1_253' title='bbox 448 3734 566 3818; x_wconf 88' lang='lat' dir='ltr'>lautus,</span> <span class='ocrx_word' id='word_1_254' title='bbox 589 3730 805 3818; x_wconf 85' lang='lat' dir='ltr'>splendidus,“</span> <span class='ocrx_word' id='word_1_255' title='bbox 832 3751 946 3814; x_wconf 88' lang='lat' dir='ltr'>graece</span> <span class='ocrx_word' id='word_1_256' title='bbox 969 3723 1134 3816; x_wconf 49' lang='grc' dir='ltr'>ἐσθλόςῖ).</span> 
     </span>
    </p>

    <p class='ocr_par' dir='ltr' id='par_1_7' title="bbox 171 3831 1364 4129">
     <span class='ocr_line' id='line_1_34' title="bbox 329 3831 1362 3922; baseline -0.005 -20"><span class='ocrx_word' id='word_1_257' title='bbox 329 3838 443 3922; x_wconf 86' lang='lat' dir='ltr'>Neque</span> <span class='ocrx_word' id='word_1_258' title='bbox 465 3838 580 3921; x_wconf 85' lang='lat' dir='ltr'>magis,</span> <span class='ocrx_word' id='word_1_259' title='bbox 603 3835 679 3921; x_wconf 91' lang='lat' dir='ltr'>quid</span> <span class='ocrx_word' id='word_1_260' title='bbox 700 3836 762 3900; x_wconf 89' lang='lat' dir='ltr'>sibi</span> <span class='ocrx_word' id='word_1_261' title='bbox 776 3836 878 3900; x_wconf 81' lang='lat' dir='ltr'>vellet</span> <span class='ocrx_word' id='word_1_262' title='bbox 904 3857 1057 3917; x_wconf 90' lang='lat' dir='ltr'>,coenare</span> <span class='ocrx_word' id='word_1_263' title='bbox 1074 3833 1239 3918; x_wconf 77' lang='lat' dir='ltr'>civiliter,“</span> <span class='ocrx_word' id='word_1_264' title='bbox 1264 3831 1362 3900; x_wconf 89' lang='lat' dir='ltr'>Ribb.</span> 
     </span>
     <span class='ocr_line' id='line_1_35' title="bbox 227 3936 1362 4026; baseline -0.003 -23"><span class='ocrx_word' id='word_1_265' title='bbox 227 3940 317 4005; x_wconf 90' lang='lat' dir='ltr'>vidit.</span> <span class='ocrx_word' id='word_1_266' title='bbox 340 3942 533 4007; x_wconf 86' lang='lat' dir='ltr'>Rectissime</span> <span class='ocrx_word' id='word_1_267' title='bbox 556 3942 637 4005; x_wconf 89' lang='lat' dir='ltr'>haec</span> <span class='ocrx_word' id='word_1_268' title='bbox 658 3940 760 4005; x_wconf 83' lang='lat' dir='ltr'>verba</span> <span class='ocrx_word' id='word_1_269' title='bbox 782 3941 958 4005; x_wconf 89' lang='lat' dir='ltr'>scholiasta</span> <span class='ocrx_word' id='word_1_270' title='bbox 980 3941 1025 4004; x_wconf 88' lang='lat' dir='ltr'>sic</span> <span class='ocrx_word' id='word_1_271' title='bbox 1048 3939 1239 4026; x_wconf 84' lang='lat' dir='ltr'>explicavit:</span> <span class='ocrx_word' id='word_1_272' title='bbox 1267 3936 1362 4018; x_wconf 79' lang='lat' dir='ltr'>,Sine</span> 
     </span>
     <span class='ocr_line' id='line_1_36' title="bbox 171 4042 1364 4129; baseline -0.001 -20"><span class='ocrx_word' id='word_1_273' title='bbox 171 4057 173 4064; x_wconf 80' lang='grc'>’</span> <span class='ocrx_word' id='word_1_274' title='bbox 228 4043 345 4129; x_wconf 90' lang='lat' dir='ltr'>injuria</span> <span class='ocrx_word' id='word_1_275' title='bbox 378 4044 570 4110; x_wconf 86' lang='lat' dir='ltr'>clientium.“</span> <span class='ocrx_word' id='word_1_276' title='bbox 633 4044 782 4126; x_wconf 49' lang='lat' dir='ltr'>,Civilia</span> <span class='ocrx_word' id='word_1_277' title='bbox 820 4046 906 4110; x_wconf 92' lang='lat' dir='ltr'>enim</span> <span class='ocrx_word' id='word_1_278' title='bbox 939 4045 1108 4129; x_wconf 86' lang='lat' dir='ltr'>eleganter</span> <span class='ocrx_word' id='word_1_279' title='bbox 1141 4042 1274 4125; x_wconf 89' lang='lat' dir='ltr'>dieitur,</span> <span class='ocrx_word' id='word_1_280' title='bbox 1310 4042 1364 4127; x_wconf 92' lang='lat' dir='ltr'>qui</span> 
     </span>
    </p>
   </div>
   <div class='ocr_carea' id='block_1_5' title="bbox 229 4282 1363 4510">
    <p class='ocr_par' dir='ltr' id='par_1_8' title="bbox 229 4282 1363 4510">
     <span class='ocr_line' id='line_1_37' title="bbox 334 4282 727 4355; baseline 0.015 -20"><span class='ocrx_word' id='word_1_281' title='bbox 334 4283 360 4352; x_wconf 92' lang='lat'>1)</span> <span class='ocrx_word' id='word_1_282' title='bbox 379 4282 411 4338; x_wconf 87' lang='lat' dir='ltr'>el.</span> <span class='ocrx_word' id='word_1_283' title='bbox 429 4282 460 4339; x_wconf 90' lang='lat' dir='ltr'>B.</span> <span class='ocrx_word' id='word_1_284' title='bbox 476 4283 545 4354; x_wconf 86' lang='lat' dir='ltr'>Lup.</span> <span class='ocrx_word' id='word_1_285' title='bbox 563 4283 581 4340; x_wconf 93' lang='lat' dir='ltr'>l.</span> <span class='ocrx_word' id='word_1_286' title='bbox 599 4303 623 4341; x_wconf 88' lang='lat' dir='ltr'>c.</span> <span class='ocrx_word' id='word_1_287' title='bbox 641 4302 667 4355; x_wconf 89' lang='lat' dir='ltr'>p.</span> <span class='ocrx_word' id='word_1_288' title='bbox 684 4287 727 4344; x_wconf 78' lang='lat'>32.</span> 
     </span>
     <span class='ocr_line' id='line_1_38' title="bbox 229 4367 1363 4510; baseline -0.004 -84"><span class='ocrx_word' id='word_1_289' title='bbox 229 4453 315 4510; x_wconf 64' lang='lat' dir='ltr'>bom</span> <span class='ocrx_word' id='word_1_290' title='bbox 331 4370 358 4439; x_wconf 79' lang='grc'>2)</span> <span class='ocrx_word' id='word_1_291' title='bbox 380 4369 414 4426; x_wconf 86' lang='grc'>01</span> <span class='ocrx_word' id='word_1_292' title='bbox 433 4370 571 4441; x_wconf 83' lang='lat' dir='ltr'>spicilegia</span> <span class='ocrx_word' id='word_1_293' title='bbox 588 4373 713 4428; x_wconf 88' lang='lat' dir='ltr'>Henninii</span> <span class='ocrx_word' id='word_1_294' title='bbox 739 4373 757 4430; x_wconf 89' lang='lat'>1.</span> <span class='ocrx_word' id='word_1_295' title='bbox 781 4389 804 4429; x_wconf 85' lang='lat' dir='ltr'>c.</span> <span class='ocrx_word' id='word_1_296' title='bbox 824 4388 851 4443; x_wconf 86' lang='lat' dir='ltr'>p.</span> <span class='ocrx_word' id='word_1_297' title='bbox 874 4374 932 4432; x_wconf 80' lang='lat'>955.</span> <span class='ocrx_word' id='word_1_298' title='bbox 971 4370 1094 4441; x_wconf 81' lang='lat' dir='ltr'>Ernesti,</span> <span class='ocrx_word' id='word_1_299' title='bbox 1123 4369 1188 4425; x_wconf 85' lang='lat' dir='ltr'>alar.</span> <span class='ocrx_word' id='word_1_300' title='bbox 1212 4367 1266 4426; x_wconf 81' lang='lat' dir='ltr'>cio.</span> <span class='ocrx_word' id='word_1_301' title='bbox 1293 4387 1315 4426; x_wconf 84' lang='lat' dir='ltr'>s.</span> <span class='ocrx_word' id='word_1_302' title='bbox 1340 4385 1363 4423; x_wconf 86' lang='lat' dir='ltr'>v.</span> 
     </span>
    </p>
   </div>
   <div class='ocr_carea' id='block_1_6' title="bbox 0 0 1542 4762">
    <p class='ocr_par' dir='ltr' id='par_1_9' title="bbox 0 0 1542 4762">
     <span class='ocr_line' id='line_1_39' title="bbox 0 0 1542 4762; baseline 0 0"><span class='ocrx_word' id='word_1_303' title='bbox 0 0 1542 4762; x_wconf 95' lang='lat' dir='ltr'> </span> 
     </span>
    </p>
   </div>
  </div>
 </body>
</html>
