3076 4762
668 255 884 320 ..16...

213 441 284 486 cum
305 420 363 504 VI,
387 422 451 488 620
473 444 536 508 sq:

313 525 418 590 minus
441 546 517 609 ergo
539 545 659 590 nocens
682 528 743 591 erit
765 529 968 614 Agrippinae

315 629 456 694 boletus:
481 630 639 713 siquidem
661 631 755 696 unius
779 634 968 716 praecordia
989 638 1120 720 pressit,
1144 641 1216 705 rell.

211 734 350 817 111,14:

431 856 564 921 quorum
587 838 743 920 cophinus
767 840 939 925 fenumque
963 842 1123 925 supellex.

211 962 282 1006 cum
304 940 362 1022 VI,
385 940 463 1006 542:
485 1009 489 1018 ,

281 1071 283 1078 ,
356 1045 494 1129 cophino
518 1044 657 1130 fenoque
679 1047 793 1112 relicto

357 1169 507 1214 arcanam
528 1147 656 1213 Judaea
677 1155 819 1216 tremens
840 1152 1003 1217 mendicat
1023 1151 1058 1215 in
1080 1171 1199 1216 aurem.

314 1253 474 1336 Sequitur,
498 1273 539 1316 ex
554 1253 775 1337 similitudine,
798 1275 862 1339 qua
883 1255 1032 1319 nonnulli
1045 1274 1163 1318 ‹versus
1183 1256 1248 1319 sint
1270 1277 1344 1322 con·

210 1355 321 1439 spicui,
343 1356 467 1421 nullam
489 1376 619 1421 oausam
640 1377 736 1441 posse
752 1359 844 1441 sumi,
867 1379 921 1423 cur
944 1358 1026 1423 tales
1041 1379 1151 1424 versus
1167 1358 1343 1443 ejiciendos

214 1477 285 1521 esse
309 1458 510 1524 arbitremur.

312 1562 408 1628 Ribb.
430 1583 525 1648 porro
542 1563 718 1628 offenditur
733 1565 816 1628 serie
835 1565 999 1630 nominum
1014 1566 1225 1651 propriorum,
1249 1586 1344 1650 quam

208 1665 448 1750 interpolatoris
477 1687 607 1731 manum
634 1667 776 1732 indicare
809 1674 912 1753 putat.
958 1667 1023 1734 Sed
1057 1669 1171 1733 eodem
1193 1670 1268 1752 jure
1297 1671 1345 1733 in·

208 1770 413 1854 terpolatoris
437 1791 507 1835 esse
530 1772 681 1836 contendi
702 1777 826 1856 potest:
855 1774 882 1856 I,
907 1772 968 1838 115
990 1795 1037 1858 sq.
1061 1773 1104 1854 Π,
1126 1773 1168 1838 24
1191 1794 1233 1836 11.
1270 1773 1345 1856 VII,

209 1873 251 1939 94
273 1895 321 1958 sq.
358 1873 450 1956 VHI,
475 1875 536 1939 102
558 1896 600 1938 11.
636 1875 695 1958 IX,
718 1876 760 1940 22
783 1897 836 1959 ss,
860 1876 914 1960 qui
936 1877 998 1940 loci
1021 1896 1131 1941 omnes
1153 1896 1217 1940 non
1239 1877 1345 1941 minus

209 1998 305 2061 quam
320 1979 372 2042 hic
388 1978 569 2043 nominibus
585 1980 722 2064 propriis
738 1985 864 2044 scatent
874 1978 909 2059 ¹).
946 1980 1096 2064 Denique
1110 1985 1147 2043 ut
1161 1981 1220 2043 hos
1234 1999 1345 2043 versus

207 2081 359 2147 Juvenali
381 2082 582 2165 abrogemus,
605 2085 798 2148 commoveri
820 2103 885 2148 non
900 2104 1069 2167 possumus
1085 2061 1135 2166 ed,
1158 2081 1243 2168 quod
1257 2102 1343 2147 vers:

380 2186 431 2250 his
454 2185 530 2249 licet
552 2185 658 2269 ipsum
1043 2197 1046 2204 ’

381 2289 564 2373 admoveas,
588 2290 675 2355 ouius
699 2296 775 2354 tune
797 2311 929 2354 munere
951 2291 1036 2354 retia
1056 2289 1153 2370 misit,

208 2392 251 2459 ad
272 2392 518 2457 similitudinem
539 2413 611 2457 vers
633 2393 726 2474 VIII,
750 2393 829 2458 193:

484 2496 628 2560 vendunt
651 2496 741 2559 nullo
765 2501 900 2580 cogente
923 2496 1063 2578 Nerone,

206 2601 363 2668 accedere
386 2600 483 2666 Ribb.
514 2600 734 2665 demonstrare
763 2601 881 2665 studet.
925 2601 1040 2685 Neque
1070 2600 1155 2663 enim
1185 2604 1221 2662 ut
1250 2603 1344 2662 vetus

207 2706 382 2770 scholiasta
405 2705 585 2785 contendit,
620 2705 670 2769 cui
691 2703 788 2769 Ribb.
818 2706 967 2770 assentiri
989 2704 1129 2785 ridetur,
1162 2708 1261 2788 poeta
1283 2703 1343 2766 hoc

207 2810 277 2875 loco
300 2808 463 2874 Neronem
486 2809 650 2892 intelligit,
673 2808 731 2873 sed
752 2809 973 2874 Domitianum
981 2805 1018 2888 ²).
1259 2794 1263 2802 ’

646 3151 795 3258 Satist
829 3151 910 3258 111.

312 3333 342 3378 u.
367 3311 444 3378 104:

154 3490 156 3496 ¹
292 3438 358 3482 non
379 3434 486 3480 sumes
509 3433 584 3498 ergo
609 3433 714 3497 pares,
736 3416 852 3480 melior
876 3415 930 3498 qui
952 3405 1081 3499 semper
1103 3418 1136 3478 et
1159 3413 1255 3494 omni,

209 3521 431 3588 aRibbeckio
456 3525 489 3584 et
511 3518 553 3583 ab
577 3517 616 3583 O.
639 3515 758 3582 Jahnio
790 3519 910 3601 ejectus
942 3524 1008 3599 est,
1042 3538 1141 3602 quare
1170 3517 1209 3581 B.
1231 3515 1343 3599 Lupus

208 3627 229 3691 l.
247 3650 273 3693 o.
284 3649 315 3712 p.
328 3626 370 3691 29
386 3620 625 3689 defendendum
641 3641 714 3684 eum
729 3642 793 3686 non
809 3623 958 3708 suscepit,
980 3622 1178 3703 firmissimis,
1205 3625 1240 3683 ut
1255 3619 1343 3699 dicit,

205 3730 402 3816 argumentis
413 3726 633 3813 praeceptoris
646 3725 696 3789 sui
709 3738 893 3793 commotus.
909 3727 1072 3809 Miramur,
1088 3724 1174 3811 quod
1185 3725 1224 3789 B.
1233 3723 1342 3805 Lupus

206 3838 292 3903 hunc
312 3855 455 3915 versum,
490 3850 586 3916 quem
607 3833 709 3892 totam
732 3830 881 3896 Graeculi
906 3832 1154 3917 descriptionem
1175 3830 1273 3916 plane
1295 3826 1343 3888 in·

206 3947 406 4025 terrumpere
423 3932 598 4016 contendit,
620 3931 773 3998 11111111
789 3935 932 4021 abstulit,
956 3957 1150 4022 quamquam
1165 3955 1195 3998 r.
1210 3931 1268 4014 IV,
1290 3930 1343 4012 98,

208 4071 413 4082 ,.-.----

310 4111 336 4181 1)
359 4107 429 4164 Sane
447 4105 540 4160 verba:
569 4108 611 4156 »et
627 4099 765 4158 Marcellis
783 4111 810 4159 et
828 4105 915 4162 Catuli
932 4106 1063 4174 Paulique
1082 4101 1249 4174 minoribus«
1277 4099 1343 4154 llor-

206 4213 318 4252 mannus
337 4204 363 4251 et
380 4195 494 4250 Jahnius
513 4191 660 4246 rectissime
678 4192 753 4246 uncis
772 4193 1026 4262 circumcluserunt,
1050 4207 1133 4260 quum
1151 4188 1276 4256 gravibus
1294 4185 1345 4242 dii-

207 4284 370 4351 ficultatibus
388 4283 549 4338 laborarent
586 4280 619 4338 cf.
639 4273 724 4332 Teuff.
743 4280 761 4334 l.
780 4297 801 4336 c.
819 4299 846 4352 p.
866 4283 924 4337 183.

309 4371 336 4440 2)
355 4370 386 4426 cf.
405 4369 468 4427 Joh.
486 4371 552 4426 Brit.
570 4373 587 4427 l.
606 4389 629 4430 e.
647 4387 673 4442 p.
692 4372 752 4428 452.
