<?xml version="1.0" encoding="UTF-8"?>
<!DOCTYPE html PUBLIC "-//W3C//DTD XHTML 1.0 Transitional//EN"
    "http://www.w3.org/TR/xhtml1/DTD/xhtml1-transitional.dtd">
<html xmlns="http://www.w3.org/1999/xhtml" xml:lang="en" lang="en">
 <head>
  <title>
</title>
<meta http-equiv="Content-Type" content="text/html;charset=utf-8" />
  <meta name='ocr-system' content='tesseract 3.04.00' />
  <meta name='ocr-capabilities' content='ocr_page ocr_carea ocr_par ocr_line ocrx_word'/>
</head>
<body>
  <div class='ocr_page' id='page_1' title='image "./vindiciaejuvena00doetgoog_0010.png"; bbox 0 0 3076 4762; ppageno 0'>
   <div class='ocr_carea' id='block_1_1' title="bbox 677 1430 919 1534">
    <p class='ocr_par' dir='ltr' id='par_1_1' title="bbox 677 1430 919 1534">
     <span class='ocr_line' id='line_1_1' title="bbox 677 1430 919 1534; baseline 0 0"><span class='ocrx_word' id='word_1_1' title='bbox 677 1430 919 1534; x_wconf 85' lang='lat' dir='ltr'>Praefatio.</span> 
     </span>
    </p>
   </div>
   <div class='ocr_carea' id='block_1_2' title="bbox 228 1653 1407 3195">
    <p class='ocr_par' dir='ltr' id='par_1_2' title="bbox 228 1653 1407 3195">
     <span class='ocr_line' id='line_1_2' title="bbox 335 1653 1366 1742; baseline -0.007 -19"><span class='ocrx_word' id='word_1_2' title='bbox 335 1659 497 1742; x_wconf 75' lang='lat' dir='ltr'>Cogitanti</span> <span class='ocrx_word' id='word_1_3' title='bbox 518 1658 598 1722; x_wconf 91' lang='lat' dir='ltr'>mihi</span> <span class='ocrx_word' id='word_1_4' title='bbox 620 1676 860 1742; x_wconf 81' lang='lat' dir='ltr'>saepenumero,</span> <span class='ocrx_word' id='word_1_5' title='bbox 885 1677 981 1735; x_wconf 85' lang='lat' dir='ltr'>quam</span> <span class='ocrx_word' id='word_1_6' title='bbox 1003 1653 1183 1719; x_wconf 89' lang='lat' dir='ltr'>disserendi</span> <span class='ocrx_word' id='word_1_7' title='bbox 1197 1654 1366 1718; x_wconf 81' lang='lat' dir='ltr'>materiem</span> 
     </span>
     <span class='ocr_line' id='line_1_3' title="bbox 232 1776 1365 1864; baseline -0.005 -20"><span class='ocrx_word' id='word_1_8' title='bbox 232 1781 394 1864; x_wconf 90' lang='lat' dir='ltr'>eligerem,</span> <span class='ocrx_word' id='word_1_9' title='bbox 419 1780 561 1861; x_wconf 85' lang='lat' dir='ltr'>contigit,</span> <span class='ocrx_word' id='word_1_10' title='bbox 583 1783 619 1840; x_wconf 92' lang='lat' dir='ltr'>ut</span> <span class='ocrx_word' id='word_1_11' title='bbox 634 1777 675 1841; x_wconf 91' lang='lat' dir='ltr'>V.</span> <span class='ocrx_word' id='word_1_12' title='bbox 689 1778 731 1842; x_wconf 90' lang='lat' dir='ltr'>D.</span> <span class='ocrx_word' id='word_1_13' title='bbox 749 1778 805 1843; x_wconf 49' lang='lat' dir='ltr'>Oli</span> <span class='ocrx_word' id='word_1_14' title='bbox 826 1777 996 1860; x_wconf 84' lang='lat' dir='ltr'>Langen</span> <span class='ocrx_word' id='word_1_15' title='bbox 1011 1797 1211 1861; x_wconf 89' lang='lat' dir='ltr'>permenses</span> <span class='ocrx_word' id='word_1_16' title='bbox 1227 1776 1365 1839; x_wconf 87' lang='lat' dir='ltr'>aestivos</span> 
     </span>
     <span class='ocr_line' id='line_1_4' title="bbox 231 1893 1367 1979; baseline -0.007 -13"><span class='ocrx_word' id='word_1_17' title='bbox 231 1903 306 1966; x_wconf 90' lang='lat' dir='ltr'>anni</span> <span class='ocrx_word' id='word_1_18' title='bbox 322 1900 583 1966; x_wconf 84' lang='lat' dir='ltr'>MDOOOLXIX</span> <span class='ocrx_word' id='word_1_19' title='bbox 598 1893 637 1962; x_wconf 92' lang='lat' dir='ltr'>de</span> <span class='ocrx_word' id='word_1_20' title='bbox 649 1901 670 1965; x_wconf 84' lang='lat' dir='ltr'>J</span> <span class='ocrx_word' id='word_1_21' title='bbox 672 1901 816 1964; x_wconf 91' lang='lat' dir='ltr'>uvenalis</span> <span class='ocrx_word' id='word_1_22' title='bbox 832 1899 937 1963; x_wconf 89' lang='lat' dir='ltr'>satiris</span> <span class='ocrx_word' id='word_1_23' title='bbox 950 1897 1076 1961; x_wconf 89' lang='lat' dir='ltr'>scholas</span> <span class='ocrx_word' id='word_1_24' title='bbox 1092 1895 1237 1977; x_wconf 89' lang='lat' dir='ltr'>haberet,</span> <span class='ocrx_word' id='word_1_25' title='bbox 1253 1894 1367 1979; x_wconf 90' lang='lat' dir='ltr'>quibus</span> 
     </span>
     <span class='ocr_line' id='line_1_5' title="bbox 231 2005 1366 2106; baseline -0.008 -19"><span class='ocrx_word' id='word_1_26' title='bbox 231 2043 329 2106; x_wconf 91' lang='lat' dir='ltr'>quum</span> <span class='ocrx_word' id='word_1_27' title='bbox 349 2023 418 2106; x_wconf 89' lang='lat' dir='ltr'>jam</span> <span class='ocrx_word' id='word_1_28' title='bbox 441 2027 537 2084; x_wconf 89' lang='lat' dir='ltr'>antea</span> <span class='ocrx_word' id='word_1_29' title='bbox 560 2021 655 2104; x_wconf 89' lang='lat' dir='ltr'>hujus</span> <span class='ocrx_word' id='word_1_30' title='bbox 677 2027 793 2105; x_wconf 89' lang='lat' dir='ltr'>poetae</span> <span class='ocrx_word' id='word_1_31' title='bbox 816 2021 931 2084; x_wconf 87' lang='lat' dir='ltr'>satiras</span> <span class='ocrx_word' id='word_1_32' title='bbox 954 2005 1180 2103; x_wconf 83' lang='lat' dir='ltr'>perlegissem,</span> <span class='ocrx_word' id='word_1_33' title='bbox 1209 2021 1260 2098; x_wconf 91' lang='lat' dir='ltr'>ut,</span> <span class='ocrx_word' id='word_1_34' title='bbox 1284 2035 1366 2099; x_wconf 91' lang='lat' dir='ltr'>quae</span> 
     </span>
     <span class='ocr_line' id='line_1_6' title="bbox 230 2139 1366 2224; baseline -0.006 -17"><span class='ocrx_word' id='word_1_35' title='bbox 230 2145 310 2208; x_wconf 92' lang='lat' dir='ltr'>mihi</span> <span class='ocrx_word' id='word_1_36' title='bbox 333 2143 469 2206; x_wconf 90' lang='lat' dir='ltr'>obscura</span> <span class='ocrx_word' id='word_1_37' title='bbox 492 2147 592 2224; x_wconf 91' lang='lat' dir='ltr'>erant,</span> <span class='ocrx_word' id='word_1_38' title='bbox 614 2141 841 2224; x_wconf 88' lang='lat' dir='ltr'>intelligerem,</span> <span class='ocrx_word' id='word_1_39' title='bbox 865 2145 988 2203; x_wconf 91' lang='lat' dir='ltr'>attente</span> <span class='ocrx_word' id='word_1_40' title='bbox 1011 2139 1194 2203; x_wconf 89' lang='lat' dir='ltr'>intereram.</span> <span class='ocrx_word' id='word_1_41' title='bbox 1233 2139 1270 2204; x_wconf 88' lang='lat' dir='ltr'>In</span> <span class='ocrx_word' id='word_1_42' title='bbox 1293 2158 1366 2222; x_wconf 88' lang='lat' dir='ltr'>pro-</span> 
     </span>
     <span class='ocr_line' id='line_1_7' title="bbox 232 2258 1366 2347; baseline -0.007 -19"><span class='ocrx_word' id='word_1_43' title='bbox 232 2265 334 2329; x_wconf 92' lang='lat' dir='ltr'>oemio</span> <span class='ocrx_word' id='word_1_44' title='bbox 359 2265 400 2328; x_wconf 88' lang='lat' dir='ltr'>ad</span> <span class='ocrx_word' id='word_1_45' title='bbox 423 2265 537 2328; x_wconf 89' lang='lat' dir='ltr'>satiras</span> <span class='ocrx_word' id='word_1_46' title='bbox 560 2263 647 2347; x_wconf 84' lang='lat' dir='ltr'>ipsas</span> <span class='ocrx_word' id='word_1_47' title='bbox 670 2258 930 2342; x_wconf 89' lang='lat' dir='ltr'>interpretandas</span> <span class='ocrx_word' id='word_1_48' title='bbox 953 2258 1063 2323; x_wconf 90' lang='lat' dir='ltr'>addito</span> <span class='ocrx_word' id='word_1_49' title='bbox 1088 2281 1185 2344; x_wconf 93' lang='lat' dir='ltr'>quum</span> <span class='ocrx_word' id='word_1_50' title='bbox 1208 2258 1366 2323; x_wconf 87' lang='lat' dir='ltr'>editiones</span> 
     </span>
     <span class='ocr_line' id='line_1_8' title="bbox 228 2380 1362 2468; baseline -0.006 -19"><span class='ocrx_word' id='word_1_51' title='bbox 228 2385 396 2450; x_wconf 77' lang='lat' dir='ltr'>Iuvenalis</span> <span class='ocrx_word' id='word_1_52' title='bbox 420 2404 654 2468; x_wconf 78' lang='lat' dir='ltr'>cognoscerem,</span> <span class='ocrx_word' id='word_1_53' title='bbox 677 2382 800 2445; x_wconf 92' lang='lat' dir='ltr'>nullam</span> <span class='ocrx_word' id='word_1_54' title='bbox 823 2381 925 2464; x_wconf 90' lang='lat' dir='ltr'>magis</span> <span class='ocrx_word' id='word_1_55' title='bbox 948 2381 1080 2445; x_wconf 89' lang='lat' dir='ltr'>miratus</span> <span class='ocrx_word' id='word_1_56' title='bbox 1101 2401 1180 2463; x_wconf 91' lang='lat' dir='ltr'>sum,</span> <span class='ocrx_word' id='word_1_57' title='bbox 1204 2401 1300 2464; x_wconf 90' lang='lat' dir='ltr'>quam</span> <span class='ocrx_word' id='word_1_58' title='bbox 1324 2380 1362 2445; x_wconf 93' lang='grc' dir='ltr'>Ο.</span> 
     </span>
     <span class='ocr_line' id='line_1_9' title="bbox 229 2501 1367 2590; baseline -0.007 -18"><span class='ocrx_word' id='word_1_59' title='bbox 229 2507 420 2589; x_wconf 89' lang='lat' dir='ltr'>Ribbeckii,</span> <span class='ocrx_word' id='word_1_60' title='bbox 450 2508 567 2590; x_wconf 92' lang='lat' dir='ltr'>quippe</span> <span class='ocrx_word' id='word_1_61' title='bbox 591 2506 645 2589; x_wconf 91' lang='lat' dir='ltr'>qui</span> <span class='ocrx_word' id='word_1_62' title='bbox 668 2510 727 2568; x_wconf 91' lang='lat' dir='ltr'>sat.</span> <span class='ocrx_word' id='word_1_63' title='bbox 749 2503 792 2585; x_wconf 90' lang='lat' dir='ltr'>X,</span> <span class='ocrx_word' id='word_1_64' title='bbox 822 2502 897 2586; x_wconf 87' lang='lat' dir='ltr'>XII,</span> <span class='ocrx_word' id='word_1_65' title='bbox 926 2503 1019 2584; x_wconf 82' lang='lat' dir='ltr'>XIII,</span> <span class='ocrx_word' id='word_1_66' title='bbox 1042 2502 1132 2585; x_wconf 84' lang='lat' dir='ltr'>XIV,</span> <span class='ocrx_word' id='word_1_67' title='bbox 1155 2501 1219 2566; x_wconf 86' lang='lat' dir='ltr'>XV</span> <span class='ocrx_word' id='word_1_68' title='bbox 1242 2501 1367 2586; x_wconf 88' lang='lat' dir='ltr'>spurias</span> 
     </span>
     <span class='ocr_line' id='line_1_10' title="bbox 230 2607 1367 2709; baseline -0.004 -18"><span class='ocrx_word' id='word_1_69' title='bbox 230 2647 301 2691; x_wconf 88' lang='lat' dir='ltr'>esse</span> <span class='ocrx_word' id='word_1_70' title='bbox 324 2633 565 2709; x_wconf 89' lang='lat' dir='ltr'>ceterarumque</span> <span class='ocrx_word' id='word_1_71' title='bbox 599 2626 769 2689; x_wconf 90' lang='lat' dir='ltr'>satirarum</span> <span class='ocrx_word' id='word_1_72' title='bbox 800 2607 917 2688; x_wconf 88' lang='lat' dir='ltr'>multos</span> <span class='ocrx_word' id='word_1_73' title='bbox 948 2624 1035 2688; x_wconf 90' lang='lat' dir='ltr'>locos</span> <span class='ocrx_word' id='word_1_74' title='bbox 1065 2624 1290 2708; x_wconf 86' lang='lat' dir='ltr'>interpolatori</span> <span class='ocrx_word' id='word_1_75' title='bbox 1312 2623 1367 2686; x_wconf 92' lang='lat' dir='ltr'>tri-</span> 
     </span>
     <span class='ocr_line' id='line_1_11' title="bbox 229 2745 1407 2830; baseline -0.002 -20"><span class='ocrx_word' id='word_1_76' title='bbox 229 2746 373 2810; x_wconf 88' lang='lat' dir='ltr'>buendos</span> <span class='ocrx_word' id='word_1_77' title='bbox 398 2767 468 2810; x_wconf 90' lang='lat' dir='ltr'>esse</span> <span class='ocrx_word' id='word_1_78' title='bbox 492 2752 646 2828; x_wconf 88' lang='lat' dir='ltr'>censeret,</span> <span class='ocrx_word' id='word_1_79' title='bbox 669 2746 748 2810; x_wconf 89' lang='lat' dir='ltr'>miro</span> <span class='ocrx_word' id='word_1_80' title='bbox 766 2746 904 2830; x_wconf 91' lang='lat' dir='ltr'>quodam</span> <span class='ocrx_word' id='word_1_81' title='bbox 919 2745 1099 2829; x_wconf 79' lang='lat' dir='ltr'>exemplari</span> <span class='ocrx_word' id='word_1_82' title='bbox 1120 2751 1259 2829; x_wconf 85' lang='lat' dir='ltr'>reperto,</span> <span class='ocrx_word' id='word_1_83' title='bbox 1283 2745 1367 2828; x_wconf 93' lang='lat' dir='ltr'>quod</span> <span class='ocrx_word' id='word_1_84' title='bbox 1402 2787 1407 2798; x_wconf 70' lang='grc'><strong>»</strong></span> 
     </span>
     <span class='ocr_line' id='line_1_12' title="bbox 230 2866 1367 2933; baseline -0.002 -1"><span class='ocrx_word' id='word_1_85' title='bbox 230 2874 357 2933; x_wconf 91' lang='lat' dir='ltr'>secutus</span> <span class='ocrx_word' id='word_1_86' title='bbox 372 2868 540 2933; x_wconf 79' lang='lat' dir='ltr'>Iuvenalis</span> <span class='ocrx_word' id='word_1_87' title='bbox 564 2869 678 2932; x_wconf 88' lang='lat' dir='ltr'>satiras</span> <span class='ocrx_word' id='word_1_88' title='bbox 702 2888 786 2930; x_wconf 89' lang='lat' dir='ltr'>anno</span> <span class='ocrx_word' id='word_1_89' title='bbox 801 2866 1030 2932; x_wconf 82' lang='lat' dir='ltr'>MDOOOLIX</span> <span class='ocrx_word' id='word_1_90' title='bbox 1053 2866 1164 2931; x_wconf 86' lang='lat' dir='ltr'>edidit.</span> <span class='ocrx_word' id='word_1_91' title='bbox 1186 2866 1260 2931; x_wconf 86' lang='lat' dir='ltr'>Jam</span> <span class='ocrx_word' id='word_1_92' title='bbox 1276 2872 1367 2930; x_wconf 90' lang='lat' dir='ltr'>ante·</span> 
     </span>
     <span class='ocr_line' id='line_1_13' title="bbox 230 2985 1366 3078; baseline -0.001 -26"><span class='ocrx_word' id='word_1_93' title='bbox 230 3010 326 3074; x_wconf 89' lang='lat' dir='ltr'>quam</span> <span class='ocrx_word' id='word_1_94' title='bbox 349 2985 556 3072; x_wconf 88' lang='lat' dir='ltr'>argumenta,</span> <span class='ocrx_word' id='word_1_95' title='bbox 591 2987 706 3070; x_wconf 90' lang='lat' dir='ltr'>quibus</span> <span class='ocrx_word' id='word_1_96' title='bbox 736 2987 864 3078; x_wconf 84' lang='lat' dir='ltr'>innixus</span> <span class='ocrx_word' id='word_1_97' title='bbox 886 2986 1080 3051; x_wconf 77' lang='lat' dir='ltr'>Iuvenalem</span> <span class='ocrx_word' id='word_1_98' title='bbox 1108 2993 1276 3071; x_wconf 89' lang='lat' dir='ltr'>tantopere</span> <span class='ocrx_word' id='word_1_99' title='bbox 1298 3009 1366 3051; x_wconf 92' lang='lat' dir='ltr'>mu·</span> 
     </span>
     <span class='ocr_line' id='line_1_14' title="bbox 230 3107 1367 3195; baseline -0.002 -21"><span class='ocrx_word' id='word_1_100' title='bbox 230 3112 335 3176; x_wconf 91' lang='lat' dir='ltr'>tilavit</span> <span class='ocrx_word' id='word_1_101' title='bbox 351 3132 388 3175; x_wconf 91' lang='lat' dir='ltr'>ao</span> <span class='ocrx_word' id='word_1_102' title='bbox 403 3109 613 3195; x_wconf 83' lang='lat' dir='ltr'>perturbavit,</span> <span class='ocrx_word' id='word_1_103' title='bbox 635 3109 747 3173; x_wconf 82' lang='lat' dir='ltr'>utrix</span> <span class='ocrx_word' id='word_1_104' title='bbox 770 3128 943 3191; x_wconf 89' lang='lat' dir='ltr'>agnoscere</span> <span class='ocrx_word' id='word_1_105' title='bbox 967 3114 1039 3172; x_wconf 84' lang='lat' dir='ltr'>euni</span> <span class='ocrx_word' id='word_1_106' title='bbox 1061 3107 1179 3194; x_wconf 81' lang='lat' dir='ltr'>possis,</span> <span class='ocrx_word' id='word_1_107' title='bbox 1197 3109 1367 3194; x_wconf 88' lang='lat' dir='ltr'>proferret,</span> 
     </span>
    </p>
   </div>
   <div class='ocr_carea' id='block_1_3' title="bbox 106 3229 1368 3316">
    <p class='ocr_par' dir='ltr' id='par_1_3' title="bbox 106 3229 1368 3316">
     <span class='ocr_line' id='line_1_15' title="bbox 106 3229 1368 3316; baseline -0.001 -21"><span class='ocrx_word' id='word_1_108' title='bbox 106 3311 108 3316; x_wconf 17' lang='grc' dir='ltr'>ι</span> <span class='ocrx_word' id='word_1_109' title='bbox 231 3232 269 3295; x_wconf 86' lang='grc' dir='ltr'>Β.</span> <span class='ocrx_word' id='word_1_110' title='bbox 292 3233 401 3316; x_wconf 92' lang='lat' dir='ltr'>Lupus</span> <span class='ocrx_word' id='word_1_111' title='bbox 424 3231 571 3295; x_wconf 86' lang='lat' dir='ltr'>vindieiis</span> <span class='ocrx_word' id='word_1_112' title='bbox 594 3230 816 3296; x_wconf 82' lang='lat' dir='ltr'>Juvenalianis</span> <span class='ocrx_word' id='word_1_113' title='bbox 846 3229 994 3310; x_wconf 91' lang='lat' dir='ltr'>(Bonnae</span> <span class='ocrx_word' id='word_1_114' title='bbox 1017 3229 1289 3310; x_wconf 81' lang='lat' dir='ltr'>MDOOOLXIV)</span> <span class='ocrx_word' id='word_1_115' title='bbox 1318 3251 1368 3294; x_wconf 90' lang='lat' dir='ltr'>sa·</span> 
     </span>
    </p>
   </div>
   <div class='ocr_carea' id='block_1_4' title="bbox 231 3350 1413 4529">
    <p class='ocr_par' dir='ltr' id='par_1_4' title="bbox 231 3350 1413 4529">
     <span class='ocr_line' id='line_1_16' title="bbox 231 3350 1367 3435; baseline 0 -21"><span class='ocrx_word' id='word_1_116' title='bbox 231 3350 323 3433; x_wconf 91' lang='lat' dir='ltr'>tiras,</span> <span class='ocrx_word' id='word_1_117' title='bbox 358 3352 471 3435; x_wconf 88' lang='lat' dir='ltr'>quibus</span> <span class='ocrx_word' id='word_1_118' title='bbox 502 3352 560 3416; x_wconf 91' lang='lat' dir='ltr'>ille</span> <span class='ocrx_word' id='word_1_119' title='bbox 584 3351 871 3416; x_wconf 84' lang='lat' dir='ltr'>declamationibus</span> <span class='ocrx_word' id='word_1_120' title='bbox 894 3372 1011 3416; x_wconf 91' lang='lat' dir='ltr'>nomen</span> <span class='ocrx_word' id='word_1_121' title='bbox 1034 3351 1164 3434; x_wconf 88' lang='lat' dir='ltr'>tribuit,</span> <span class='ocrx_word' id='word_1_122' title='bbox 1196 3357 1228 3415; x_wconf 92' lang='lat' dir='ltr'>et</span> <span class='ocrx_word' id='word_1_123' title='bbox 1256 3371 1367 3415; x_wconf 85' lang='lat' dir='ltr'>versus</span> 
     </span>
     <span class='ocr_line' id='line_1_17' title="bbox 232 3471 1367 3557; baseline -0.001 -21"><span class='ocrx_word' id='word_1_124' title='bbox 232 3472 357 3555; x_wconf 84' lang='lat' dir='ltr'>aliquos</span> <span class='ocrx_word' id='word_1_125' title='bbox 381 3472 421 3537; x_wconf 91' lang='lat' dir='ltr'>ab</span> <span class='ocrx_word' id='word_1_126' title='bbox 445 3493 482 3537; x_wconf 91' lang='lat' dir='ltr'>eo</span> <span class='ocrx_word' id='word_1_127' title='bbox 506 3474 626 3556; x_wconf 86' lang='lat' dir='ltr'>ejectos</span> <span class='ocrx_word' id='word_1_128' title='bbox 655 3493 697 3537; x_wconf 83' lang='lat' dir='ltr'>ex</span> <span class='ocrx_word' id='word_1_129' title='bbox 725 3472 867 3557; x_wconf 91' lang='lat' dir='ltr'>ipsarum</span> <span class='ocrx_word' id='word_1_130' title='bbox 889 3473 1061 3536; x_wconf 88' lang='lat' dir='ltr'>satirarum</span> <span class='ocrx_word' id='word_1_131' title='bbox 1083 3471 1192 3535; x_wconf 91' lang='lat' dir='ltr'>indole</span> <span class='ocrx_word' id='word_1_132' title='bbox 1215 3471 1367 3537; x_wconf 83' lang='lat' dir='ltr'>Juvenali</span> 
     </span>
     <span class='ocr_line' id='line_1_18' title="bbox 232 3593 1367 3679; baseline 0 -23"><span class='ocrx_word' id='word_1_133' title='bbox 232 3595 402 3658; x_wconf 88' lang='lat' dir='ltr'>restituere</span> <span class='ocrx_word' id='word_1_134' title='bbox 425 3599 557 3658; x_wconf 87' lang='lat' dir='ltr'>conatus</span> <span class='ocrx_word' id='word_1_135' title='bbox 580 3599 630 3659; x_wconf 91' lang='lat' dir='ltr'>est</span> <span class='ocrx_word' id='word_1_136' title='bbox 651 3615 756 3679; x_wconf 90' lang='lat' dir='ltr'>neque</span> <span class='ocrx_word' id='word_1_137' title='bbox 778 3595 881 3658; x_wconf 90' lang='lat' dir='ltr'>ullum</span> <span class='ocrx_word' id='word_1_138' title='bbox 904 3614 975 3658; x_wconf 88' lang='lat' dir='ltr'>esse</span> <span class='ocrx_word' id='word_1_139' title='bbox 999 3593 1169 3658; x_wconf 90' lang='lat' dir='ltr'>discrimen</span> <span class='ocrx_word' id='word_1_140' title='bbox 1184 3593 1367 3659; x_wconf 86' lang='lat' dir='ltr'>faciendum</span> 
     </span>
     <span class='ocr_line' id='line_1_19' title="bbox 232 3701 1368 3800; baseline 0.004 -24"><span class='ocrx_word' id='word_1_141' title='bbox 232 3713 316 3776; x_wconf 91' lang='lat' dir='ltr'>inter</span> <span class='ocrx_word' id='word_1_142' title='bbox 331 3715 454 3798; x_wconf 90' lang='lat' dir='ltr'>priores</span> <span class='ocrx_word' id='word_1_143' title='bbox 471 3701 504 3778; x_wconf 90' lang='lat' dir='ltr'>et</span> <span class='ocrx_word' id='word_1_144' title='bbox 519 3717 711 3798; x_wconf 90' lang='lat' dir='ltr'>posteriores</span> <span class='ocrx_word' id='word_1_145' title='bbox 728 3717 843 3780; x_wconf 90' lang='lat' dir='ltr'>satiras</span> <span class='ocrx_word' id='word_1_146' title='bbox 860 3715 1105 3800; x_wconf 80' lang='lat' dir='ltr'>diIIgentissime</span> <span class='ocrx_word' id='word_1_147' title='bbox 1127 3715 1368 3780; x_wconf 85' lang='lat' dir='ltr'>demonstravit.</span> 
     </span>
     <span class='ocr_line' id='line_1_20' title="bbox 232 3835 1413 3920; baseline 0.001 -21"><span class='ocrx_word' id='word_1_148' title='bbox 232 3835 360 3899; x_wconf 89' lang='lat' dir='ltr'>Deinde</span> <span class='ocrx_word' id='word_1_149' title='bbox 395 3855 491 3919; x_wconf 91' lang='lat' dir='ltr'>quum</span> <span class='ocrx_word' id='word_1_150' title='bbox 525 3837 564 3902; x_wconf 90' lang='grc' dir='ltr'>Ο.</span> <span class='ocrx_word' id='word_1_151' title='bbox 598 3838 796 3903; x_wconf 85' lang='lat' dir='ltr'>Ribbeokius</span> <span class='ocrx_word' id='word_1_152' title='bbox 830 3858 914 3902; x_wconf 91' lang='lat' dir='ltr'>anno</span> <span class='ocrx_word' id='word_1_153' title='bbox 948 3836 1191 3903; x_wconf 82' lang='lat' dir='ltr'>MDOOOLXV</span> <span class='ocrx_word' id='word_1_154' title='bbox 1222 3836 1368 3901; x_wconf 90' lang='lat' dir='ltr'>libellum</span> <span class='ocrx_word' id='word_1_155' title='bbox 1409 3915 1413 3920; x_wconf 90' lang='lat'>.</span> 
     </span>
     <span class='ocr_line' id='line_1_21' title="bbox 233 3957 1365 4043; baseline -0.001 -21"><span class='ocrx_word' id='word_1_156' title='bbox 233 3959 341 4041; x_wconf 87' lang='lat' dir='ltr'>illum,</span> <span class='ocrx_word' id='word_1_157' title='bbox 380 3959 435 4043; x_wconf 93' lang='lat' dir='ltr'>qui</span> <span class='ocrx_word' id='word_1_158' title='bbox 468 3958 651 4022; x_wconf 89' lang='lat' dir='ltr'>inscribitur</span> <span class='ocrx_word' id='word_1_159' title='bbox 693 3959 777 4039; x_wconf 86' lang='lat' dir='ltr'>,Der</span> <span class='ocrx_word' id='word_1_160' title='bbox 811 3961 904 4024; x_wconf 74' lang='lat' dir='ltr'>{tehte</span> <span class='ocrx_word' id='word_1_161' title='bbox 937 3957 1004 4023; x_wconf 90' lang='lat' dir='ltr'>und</span> <span class='ocrx_word' id='word_1_162' title='bbox 1036 3957 1176 4022; x_wconf 71' lang='lat' dir='ltr'>unbohte</span> <span class='ocrx_word' id='word_1_163' title='bbox 1208 3957 1365 4022; x_wconf 84' lang='lat' dir='ltr'>Juvenal“</span> 
     </span>
     <span class='ocr_line' id='line_1_22' title="bbox 234 4078 1370 4165; baseline -0.004 -19"><span class='ocrx_word' id='word_1_164' title='bbox 234 4083 404 4165; x_wconf 88' lang='lat' dir='ltr'>edidisset,</span> <span class='ocrx_word' id='word_1_165' title='bbox 438 4082 471 4145; x_wconf 91' lang='lat' dir='ltr'>in</span> <span class='ocrx_word' id='word_1_166' title='bbox 495 4081 584 4164; x_wconf 90' lang='lat' dir='ltr'>cujus</span> <span class='ocrx_word' id='word_1_167' title='bbox 606 4081 711 4164; x_wconf 91' lang='lat' dir='ltr'>prima</span> <span class='ocrx_word' id='word_1_168' title='bbox 739 4087 831 4164; x_wconf 90' lang='lat' dir='ltr'>parte</span> <span class='ocrx_word' id='word_1_169' title='bbox 860 4081 1001 4165; x_wconf 90' lang='lat' dir='ltr'>quinque</span> <span class='ocrx_word' id='word_1_170' title='bbox 1032 4078 1303 4160; x_wconf 87' lang='lat' dir='ltr'>declamationes,</span> <span class='ocrx_word' id='word_1_171' title='bbox 1337 4079 1370 4142; x_wconf 91' lang='lat' dir='ltr'>in</span> 
     </span>
     <span class='ocr_line' id='line_1_23' title="bbox 235 4201 1369 4288; baseline -0.001 -23"><span class='ocrx_word' id='word_1_172' title='bbox 235 4203 339 4267; x_wconf 91' lang='lat' dir='ltr'>altera</span> <span class='ocrx_word' id='word_1_173' title='bbox 360 4202 646 4288; x_wconf 88' lang='lat' dir='ltr'>interpolationes,</span> <span class='ocrx_word' id='word_1_174' title='bbox 679 4201 713 4264; x_wconf 91' lang='lat' dir='ltr'>in</span> <span class='ocrx_word' id='word_1_175' title='bbox 746 4203 842 4266; x_wconf 90' lang='lat' dir='ltr'>tertia</span> <span class='ocrx_word' id='word_1_176' title='bbox 871 4201 1155 4267; x_wconf 89' lang='lat' dir='ltr'>transmutationes</span> <span class='ocrx_word' id='word_1_177' title='bbox 1179 4207 1211 4265; x_wconf 92' lang='lat' dir='ltr'>et</span> <span class='ocrx_word' id='word_1_178' title='bbox 1234 4203 1369 4266; x_wconf 91' lang='lat' dir='ltr'>lacunae</span> 
     </span>
     <span class='ocr_line' id='line_1_24' title="bbox 235 4322 1371 4406; baseline -0.004 -18"><span class='ocrx_word' id='word_1_179' title='bbox 235 4330 429 4406; x_wconf 87' lang='lat' dir='ltr'>tractantur,</span> <span class='ocrx_word' id='word_1_180' title='bbox 460 4324 499 4389; x_wconf 92' lang='grc' dir='ltr'>Ο.</span> <span class='ocrx_word' id='word_1_181' title='bbox 522 4323 729 4386; x_wconf 83' lang='lat' dir='ltr'>Meinertzius</span> <span class='ocrx_word' id='word_1_182' title='bbox 751 4323 898 4387; x_wconf 83' lang='lat' dir='ltr'>vindiciis</span> <span class='ocrx_word' id='word_1_183' title='bbox 921 4322 1143 4389; x_wconf 84' lang='lat' dir='ltr'>Juvenalianis</span> <span class='ocrx_word' id='word_1_184' title='bbox 1172 4322 1371 4406; x_wconf 89' lang='lat' dir='ltr'>(Regimonti</span> 
     </span>
     <span class='ocr_line' id='line_1_25' title="bbox 234 4443 1372 4529; baseline -0.004 -19"><span class='ocrx_word' id='word_1_185' title='bbox 234 4446 290 4511; x_wconf 90' lang='lat' dir='ltr'>Pr.</span> <span class='ocrx_word' id='word_1_186' title='bbox 322 4443 595 4526; x_wconf 80' lang='lat' dir='ltr'>MDOOOLXVI)</span> <span class='ocrx_word' id='word_1_187' title='bbox 632 4445 768 4528; x_wconf 91' lang='lat' dir='ltr'>primum</span> <span class='ocrx_word' id='word_1_188' title='bbox 801 4443 906 4508; x_wconf 95' lang='lat' dir='ltr'>libelli</span> <span class='ocrx_word' id='word_1_189' title='bbox 939 4444 1027 4508; x_wconf 90' lang='lat' dir='ltr'>illius</span> <span class='ocrx_word' id='word_1_190' title='bbox 1061 4450 1158 4528; x_wconf 89' lang='lat' dir='ltr'>caput</span> <span class='ocrx_word' id='word_1_191' title='bbox 1191 4462 1372 4529; x_wconf 81' lang='lat' dir='ltr'>aggressus,</span> 
     </span>
    </p>
   </div>
   <div class='ocr_carea' id='block_1_5' title="bbox 0 0 1547 4762">
    <p class='ocr_par' dir='ltr' id='par_1_5' title="bbox 0 0 1547 4762">
     <span class='ocr_line' id='line_1_26' title="bbox 0 0 1547 4762; baseline 0 0"><span class='ocrx_word' id='word_1_192' title='bbox 0 0 1547 4762; x_wconf 95' lang='lat' dir='ltr'> </span> 
     </span>
    </p>
   </div>
  </div>
 </body>
</html>
