3076 4762
644 277 773 391 ..⁵25
816 357 860 370 ...

290 505 405 587 Neque
427 501 530 586 magis
552 503 719 585 suspectus
741 517 813 562 esse
836 501 944 582 potest
965 495 1146 562 Ribbeekio
1181 494 1217 576 (l.
1240 515 1267 560 o.
1289 515 1322 580 p.

188 609 266 691 124)
288 629 318 672 γ.
342 608 428 775 iignde
449 709 495 792 fit,
518 714 553 773 ut
575 708 687 772 malim
709 706 900 798 fraterculus
923 725 994 768 esse
1018 703 1170 788 gigantis,

189 817 244 902 qui
280 815 359 879 satis
392 813 577 879 defenditur
609 811 716 876 verbis
743 810 781 874 B.
811 809 895 894 Lupi
906 807 947 890 ¹),
983 808 1097 892 quibus
1126 807 1213 872 nihil
1247 805 1322 874 addi

188 941 268 1004 opus
292 924 351 983 est.

635 1204 786 1312 Sotira
819 1205 876 1310 V.

289 1388 319 1432 v.
342 1369 401 1434 66:

249 1473 393 1537 maxima
416 1487 561 1552 quaeque
585 1467 697 1532 domus
720 1468 820 1532 serris
844 1472 893 1532 est
915 1466 1013 1550 plena
1035 1465 1192 1551 superbis,

187 1597 283 1662 quem
304 1573 402 1639 Ribb.
425 1573 461 1654 (l.
484 1594 510 1637 o.
534 1593 565 1656 p.
591 1569 678 1654 125),
700 1571 825 1653 Heium,
847 1570 984 1636 Jahnius
1006 1568 1159 1634 Juvenali
1182 1568 1322 1633 abstule-

185 1685 274 1761 runt,
306 1678 467 1742 sententia
490 1682 539 1740 est
563 1676 740 1759 generalis,
775 1695 871 1760 quam
893 1673 1071 1738 desiderari
1092 1693 1187 1757 posse
1211 1692 1322 1736 oonoe·

186 1783 326 1847 nendum
349 1788 399 1846 est
421 1780 564 1865 quidem3
599 1779 656 1844 sed
687 1780 742 1863 qui
768 1799 878 1843 versus
910 1778 1001 1842 solva
1023 1777 1184 1842 sententia
1206 1767 1320 1841 abesse

186 1893 329 1971 possunt,
352 1907 417 1950 non
439 1885 513 1949 ideo
536 1883 637 1968 spurii
659 1887 734 1946 sunt
757 1880 909 1946 censendi
918 1879 954 1962 2).

287 2012 317 2055 v.
342 1991 397 2055 91:
440 2016 442 2022 s

356 2092 441 2177 quod
462 2097 548 2157 tutos
571 2092 669 2154 etiam
691 2091 769 2155 faeit
791 2111 812 2154 a
834 2090 1037 2175 serpentibus
1060 2089 1148 2170 utris,

185 2215 283 2282 quum
305 2198 339 2260 in
362 2195 471 2260 oodioe
493 2196 684 2277 Pithoean0‚
712 2215 807 2279 quem
829 2214 972 2258 summae
993 2193 1069 2258 fidei
1092 2214 1163 2258 esse
1186 2199 1322 2276 constat,

185 2320 250 2364 non
273 2301 416 2384 legatur,
449 2299 582 2364 retineri
608 2319 673 2363 non
695 2319 790 2383 posse
814 2303 974 2382 putamus.
1018 2297 1172 2381 Plerique
1196 2295 1322 2361 oodioes

184 2404 307 2469 babent
329 2404 501 2468 lectionem
528 2402 642 2482 „atris“
656 2399 698 2485 8);
730 2402 788 2466 sed
811 2423 905 2486 quos,
935 2420 1071 2487 quaeso,
1095 2401 1172 2466 feeit
1194 2406 1280 2466 tutos
1304 2423 1324 2465 a

184 2508 388 2592 serpentibus
405 2508 507 2570 atris?
532 2507 705 2590 Objeetum
728 2507 813 2571 enim
835 2507 897 2571 hoo
919 2506 991 2570 loco
1015 2504 1108 2569 desse
1124 2526 1189 2570 non
1204 2509 1321 2590 potest,

185 2631 282 2694 quum
297 2631 340 2674 ex
350 2609 507 2690 versibus,
523 2610 578 2692 qui
593 2609 797 2691 antecedunt,
813 2631 878 2673 non
893 2610 1115 2694 perspicietur.
1134 2610 1169 2675 Si
1185 2610 1321 2693 legimus

187 2712 334 2795 „Afr0s“‚
358 2713 439 2776 haee
461 2711 634 2776 difficultas
656 2719 855 2797 removetur3
877 2713 936 2778 ‘sed
960 2733 1057 2797 quum
1079 2714 1174 2798 pauci
1196 2719 1322 2779 tantum

182 2816 308 2882 oodiees
331 2816 416 2880 hano
439 2813 612 2882 lectionem
633 2817 829 2901 praebeant,
864 2824 896 2882 et
924 2818 995 2901 ipse
1022 2817 1198 2882 scholiasta
1219 2822 1322 2881 toturn

181 2921 267 2986 huno
292 2939 419 2985 versum
450 2921 579 2986 silentio
612 2907 775 3003 transeat,
807 2921 904 2985 fidem
938 2921 1007 3005 ejus
1041 2921 1075 2984 in
1108 2921 1322 3005 suspicionem

181 3025 297 3090 eadere
327 3044 461 3088 neeesse
491 3030 549 3087 est.
595 3024 661 3090 Sed
696 3046 871 3110 pronomen
902 3025 1073 3089 relativum
1108 3023 1229 3109 „quod“
1260 3025 1321 3089 hoe

181 3129 251 3192 looo
274 3136 324 3194 ter
354 3129 512 3213 positum,
549 3149 610 3213 quo
633 3129 730 3194 Ribb.
761 3130 797 3211 (l.
821 3152 846 3194 o.
870 3150 902 3214 p.
929 3128 1003 3208 125)
1033 3128 1225 3212 offenditur,
1258 3130 1321 3193 nisi

182 3230 274 3313 illas,
308 3253 387 3317 quas
411 3232 569 3314 diximus,
604 3231 810 3298 difficultates
841 3235 873 3298 in
897 3234 958 3298 hoo
979 3253 1076 3298 versu
1097 3234 1320 3318 reperiremus,

182 3353 381 3399 commovere
399 3339 462 3401 'nos
486 3357 551 3400 non
573 3343 701 3419 posset,
735 3344 770 3402 ut
797 3359 870 3402 eum
892 3338 1122 3422 interpolatum
1145 3357 1216 3401 esse
1233 3337 1320 3420 judi·

181 3459 341 3520 caremus,
375 3461 472 3524 quum
507 3439 665 3524 ejusmodi
695 3441 763 3505 lata
786 3447 883 3526 atque
918 3442 1037 3506 diffusa
1071 3441 1168 3506 dietio
1202 3449 1317 3526 poetae

180 3543 311 3626 propria
333 3543 385 3605 sit.

244 3665 274 3708 v.
300 3645 488 3712 107-113:

308 3748 377 3833 Ipsi
399 3769 503 3834 pauoa
524 3751 633 3834 velim,
656 3752 786 3817 faoilom
808 3753 837 3816 si
858 3753 1014 3838 praebeat
1036 3773 1161 3818 aurem:

307 3852 411 3918 Nemo
435 3854 527 3937 petit,
549 3855 683 3920 modieis
708 3877 790 3940 quae
814 3857 1024 3922 mittebantur
1047 3858 1157 3923 amieis
1232 3849 1234 3854 ’

309 3977 329 4018 a
352 3957 486 4039 Seneca,
511 3978 593 4042 quae
615 3959 692 4023 Piso
716 3960 830 4042 bonus,
853 3980 935 4045 quae
959 3962 1055 4026 (totta
1077 3962 1204 4026 solebat

233 4105 254 4144 ·.
308 4061 437 4144 largiri5
460 4081 600 4147 namque
624 4069 656 4126 et
678 4064 781 4129 titulis
804 4069 837 4128 et
859 4064 999 4130 fascibus
1022 4066 1099 4130 olim

280 4281 308 4348 1)
327 4280 361 4335 of.
380 4280 408 4334 B.
427 4281 496 4350 Lup.
514 4281 531 4336 l.
551 4298 572 4336 c.
591 4299 617 4351 p.
636 4284 677 4338 30.
696 4299 787 4339 eornm.
805 4299 860 4338 rar.
878 4284 895 4340 l.
914 4301 936 4344 o.
953 4303 980 4356 p.
1000 4288 1057 4342 115.
1076 4287 1150 4342 ulios.

280 4367 309 4434 2)
327 4366 359 4421 ol.
378 4367 408 4422 B.
426 4367 495 4437 Lup
514 4368 565 4424 Le
593 4387 618 4439 p.
636 4373 672 4424 30
690 4385 728 4440 sq.

280 4452 307 4522 3)
325 4452 357 4508 ef.
377 4453 407 4508 0.
426 4453 506 4511 Jahn.
524 4456 540 4511 l.
559 4471 581 4511 o.
599 4471 627 4526 p.
646 4458 688 4510 41.
