3076 4762
189 491 284 562 quem
310 471 409 542 Ribb.
444 475 480 558 (l.
509 497 536 541 o.
565 496 597 562 p.
623 475 713 560 126),
744 477 860 565 Heinr.
895 475 931 558 (l.
955 498 980 542 o.
1003 499 1035 562 p.
1057 473 1151 560 422),
1184 473 1321 545 Jahnins

188 581 330 667 spurium
352 601 423 645 esse
439 579 605 664 judicant,
633 580 676 645 ad
697 580 941 645 similitudinem
962 581 1026 663 IX,
1050 583 1090 648 79
1113 603 1161 668 sq.
1185 583 1323 666 accedit3

190 705 289 772 quare
312 684 385 749 vide
408 705 457 768 ea,
481 705 562 768 quae
586 706 618 770 p.
640 686 681 751 31
705 685 950 770 disputavimus.

187 809 218 853 v.
243 789 322 855 109.
353 847 479 976 argenti
503 891 588 978 qnod
611 896 692 974 erat,
715 891 792 955 solis
815 891 963 975 fulgebat
984 891 1018 956 in
1041 893 1147 976 armis,

190 1015 217 1078 si
239 1019 312 1100 post
333 1035 363 1079 v.
389 1015 450 1080 107
473 1013 723 1097 transponimus,
746 1012 844 1077 simili
867 1012 981 1078 habitu
1003 1017 1069 1096 est,
1093 1033 1131 1077 ac
1151 1033 1182 1078 r.
1205 1014 1261 1098 993
1296 1015 1323 1078 si

190 1123 298 1184 autem
332 1140 404 1184 cnm
432 1117 621 1182 Hermanno
656 1137 712 1181 suo
747 1116 818 1180 loeo
852 1135 923 1180 esse
959 1116 1123 1199 volumus,
1158 1119 1324 1202 aptissime

189 1223 401 1307 supellectilis
423 1223 530 1286 Tusca
552 1221 714 1304 argenteis
737 1219 834 1284 armis
857 1220 1038 1304 opponitur.
1074 1221 1250 1286 Praeterea
1272 1223 1325 1286 hie

190 1326 267 1391 ordo
290 1347 439 1391 versuum
455 1346 552 1411 quum
568 1324 640 1388 aliis
657 1323 830 1404 codicibus,
852 1329 921 1388 tum
935 1323 1116 1388 Pithoeano
1132 1324 1324 1408 defenditur,

190 1451 288 1516 quare
312 1431 452 1495 maxime
474 1429 567 1494 nobis
589 1427 768 1513 probabilis
789 1427 917 1492 videtur
940 1449 1022 1492 esse.

291 1535 365 1600 Duo
387 1532 642 1599 hemistichion.
668 1532 728 1598 147
752 1552 817 1617 sq.:

542 1675 607 1720 non
630 1676 650 1719 a
671 1674 830 1738 mangone
853 1655 972 1738 petitus

396 1760 565 1846 quisquam
587 1759 663 1823 erit:
692 1759 725 1821 in
748 1777 876 1840 magno,

190 1902 272 1966 quae
294 1880 519 1963 Hermannus,
542 1881 679 1947 Jahnius
702 1879 854 1944 cancellis
878 1881 1205 1964 circumscripserunt,
1227 1880 1325 1946 Ribb.

190 1985 225 2066 (l.
249 2007 275 2049 c.
297 2007 329 2070 p.
355 1984 417 2051 134
440 1983 501 2070 sq.)
525 1985 637 2068 ejecit,
659 1984 742 2049 tueri
764 2004 829 2047 non
852 2005 1021 2067 conamur,
1052 2004 1149 2069 quum
1187 1986 1238 2066 ,in
1259 2006 1326 2050 ma-

189 2089 286 2174 gno,“
325 2089 410 2174 quod
433 2108 544 2153 omnes
566 2089 635 2152 fere
659 2087 784 2153 codices
806 2087 985 2173 praebent,
1019 2088 1245 2171 perobscurum
1273 2089 1325 2152 sit.

188 2195 347 2259 Nimirum
371 2195 492 2258 sicum
515 2193 720 2274 Heinrichio,
743 2192 915 2277 Rupertio,
947 2191 1020 2256 aliis
1047 2196 1098 2272 ,et
1118 2191 1254 2276 magnc“
1281 2193 1327 2255 le-

189 2298 302 2382 gimus,
326 2297 533 2392 difficultates
549 2298 721 2381 tolluntur;
744 2317 820 2363 nam
847 2295 915 2376 ,et“
942 2317 999 2380 pro
1019 2295 1110 2377 ,aut“
1137 2291 1326 2382 saepissime

187 2404 328 2488 positum
351 2423 421 2466 esse
440 2402 512 2486 jam
533 2421 631 2487 supra
660 2401 705 2485 (p.
729 2398 784 2479 35)
809 2400 1113 2483 demonstravimus3
1148 2399 1207 2464 sed
1230 2421 1326 2484 quum

187 2507 248 2571 soli
271 2506 397 2571 codices
426 2506 616 2591 interpolati
646 2507 730 2570 hanc
757 2505 930 2570 le'otionem
955 2503 1116 2587 habeant,
1149 2503 1229 2568 fides
1258 2503 1327 2587 ejus

185 2608 283 2692 plane
305 2610 339 2672 in
362 2607 494 2673 dubium
513 2607 661 2673 vocanda
683 2614 742 2673 est.

187 2732 218 2776 v.
243 2713 319 2777 161:

229 2821 369 2902 namque
391 2837 457 2882 una
479 2822 575 2907 atque
599 2815 713 2881 eadem
735 2821 786 2881 est
807 2814 875 2880 vini
897 2817 1003 2901 patria
1025 2822 1123 2902 atque
1146 2816 1293 2900 ministri,

187 2959 282 3025 quem
304 2938 418 3003 Heinr.
441 2938 478 3020 (l.
501 2959 527 3003 o.
550 2960 582 3023 p.
605 2936 684 3019 432)
706 2938 803 3003 Ribb.
827 2937 864 3022 (l.
888 2960 914 3003 e.
939 2961 969 3024 p.
995 2938 1071 3024 135)
1102 2939 1326 3024 interpolatori

186 3044 386 3119 tribuerunt,
418 3064 483 3107 non
506 3043 611 3107 minus
634 3042 820 3106 retinendus
844 3047 910 3124 est,
924 3086 925 3090 =
941 3064 1037 3128 quam
1059 3045 1089 3126 I,
1114 3043 1175 3109 137
1199 3065 1246 3128 sq.
1270 3039 1326 3126 (of.

188 3167 220 3229 n·
244 3149 264 3213 5
287 3145 360 3234 sn)-

187 3265 344 3334 Versunm
367 3270 429 3337 165
452 3291 518 3356 sq.:

290 3378 437 3457 spectant
458 3375 519 3438 hoo
541 3377 661 3459 nuptae
681 3373 695 3458 j
743 3378 777 3436 ta
798 3372 972 3438 recubante
994 3373 1120 3456 marito,

292 3475 377 3562 quod
399 3477 521 3561 pudeat
543 3497 674 3543 narrare
698 3477 841 3560 aliquem
863 3476 1088 3562 praesentibus
1111 3476 1200 3562 ipsis,

186 3596 266 3662 fides
283 3597 500 3681 suspicionem
514 3597 658 3682 effugere
673 3597 796 3682 nequit,
819 3615 916 3681 quum
939 3596 995 3663 alii
1018 3595 1144 3662 codices
1167 3598 1231 3662 alio
1255 3597 1325 3662 loeo

187 3721 242 3766 eos
265 3701 460 3787 praebeant,
483 3706 655 3785 praeterea
677 3701 705 3764 si
727 3705 801 3785 post
823 3721 853 3764 u.
878 3701 941 3766 164
964 3700 1130 3784 leguntur,
1153 3701 1243 3784 leges
1266 3701 1326 3766 lin·
1449 3711 1450 3714 ’

186 3825 268 3888 guae
286 3805 408 3870 latinae
420 3804 659 3890 perturbantur,
676 3825 773 3890 quum
792 3803 974 3888 ,spectant“
992 3805 1137 3890 postulet
1155 3803 1326 3889 ,urticas“;

186 3911 214 3974 si
229 3915 337 3974 autem
353 3915 427 3995 post
442 3930 471 3974 v,
488 3909 551 3975 202
567 3915 738 3993 ponuntur,
758 3906 942 3993 ,spectent“
960 3908 1135 3992 legendum
1149 3915 1208 3990 est,
1230 3929 1326 3993 quam

187 4012 359 4079 lectionem
372 4015 442 4078 sola
455 4014 628 4078 auotoritas
645 4012 789 4077 codicum
804 4013 1072 4096 interpolatorum
1087 4019 1211 4096 tuetur,
1227 4033 1326 4097 quare

187 4137 243 4181 ecs
266 4116 487 4182 defendendos
510 4139 576 4182 non
597 4117 798 4202 suscipimus.
845 4116 909 4182 Sed
932 4121 968 4180 ut

185 4242 236 4287 vv.
261 4221 447 4288 167—170:
1009 4288 1020 4311 Ι,

340 4311 576 4392 irritamentum
598 4325 738 4391 Veneris
760 4322 946 4407 languentis
969 4327 1002 4387 et
1025 4342 1116 4388 acres

345 4429 454 4494 divitis
476 4431 599 4494 urticae
622 4425 741 4514 (major
763 4434 871 4493 tamen
892 4427 958 4492 ista
979 4427 1148 4511 voluptas
