3076 4762
665 257 881 326 ..42..

230 439 232 447 ’
311 434 350 500 In
371 433 488 500 versib.
511 433 640 499 29--34
663 431 864 519 explicandis
892 431 990 499 Ribb.
1021 433 1091 519 ipse
1124 434 1187 500 sibi
1208 433 1343 500 dilfioul-

209 543 293 604 tates
310 539 444 623 paravit,
468 558 564 623 quum
580 543 653 623 post
679 543 728 618 „te
746 535 894 601 oonsule“
921 537 1014 602 oolon
1030 540 1173 622 posuerit
1189 544 1221 606 et
1236 541 1344 606 omnia

209 661 229 706 a
254 642 339 723 „sive
362 641 567 726 eonjugium.
585 689 592 704 .
610 689 617 704 .
635 639 661 704 .“
686 662 787 726 usque
810 641 853 706 ad
879 645 929 722 „te
944 641 1093 710 oonsule“
1119 664 1216 708 unam
1239 645 1343 729 perio-

209 745 285 810 dum
300 767 371 810 esse
386 745 534 810 voluerit.
558 745 734 820 Quominus
757 750 865 808 autem
887 745 971 809 hano
993 746 1165 814 leotionem
1186 748 1343 834 approbe-

209 871 289 934 mus,
312 850 414 915 multa
435 871 493 914 nos
516 848 707 932 prohibent;
734 848 870 934 primum
892 849 952 913 tali
974 855 1151 916 structurae
1174 852 1343 917 verborum

209 954 371 1020 sententia
392 953 490 1042 plane
513 960 681 1038 repugnat,
706 975 804 1039 quum
827 974 909 1039 quae
932 960 1122 1038 sequuntur:

630 1074 682 1140 dio
705 1075 775 1158 tibi,
799 1075 853 1160 qui
875 1075 919 1138 sis

335 1185 443 1245 orator
465 1180 639 1244 vehemens
663 1200 704 1243 an
728 1178 855 1245 Curtius
878 1184 911 1244 et
932 1178 1043 1243 Matho
1067 1178 1197 1260 buooae,

211 1305 282 1348 oum
304 1284 354 1366 iis,
378 1303 460 1366 quae
483 1283 695 1368 antecedunt3

1085 1406 1151 1450 srve

334 1490 517 1575 eonjugium
540 1511 675 1575 quaeras
697 1488 750 1552 vel
773 1489 855 1553 seori
877 1489 911 1552 in
933 1493 1028 1573 parte
1048 1496 1179 1555 senatus

334 1616 405 1660 esse
427 1596 519 1678 velis,

209 1715 387 1798 conjuncta,
400 1715 623 1800 pravissimam
635 1719 667 1778 et
680 1712 941 1778 absurdissimam
953 1713 1129 1778 exhibeant
1139 1716 1343 1780 sententiam.

310 1835 438 1902 Deinde
460 1836 557 1902 Ribb.
585 1842 635 1917 „te
659 1835 807 1901 oonsule“
834 1834 1011 1899 ablativum
1034 1835 1226 1919 absolutum,
1250 1857 1345 1921 quem

208 1944 342 2021 vocant,
377 1961 447 2004 esse
473 1939 647 2024 judicavit,
683 1960 778 2024 quem
806 1940 839 2003 in
871 1959 1011 2003 errorem
1034 1939 1192 2022 quomodo
1215 1941 1264 2004 vir
1286 1940 1344 2004 ille

210 2042 322 2108 doctus
344 2044 492 2109 inductus
515 2046 572 2127 sit,
603 2046 700 2130 plane
723 2065 788 2108 non
811 2043 1031 2127 intelligimus.
1075 2043 1136 2107 Est
1158 2048 1267 2108 autem
1293 2049 1343 2124 „te

210 2147 358 2212 oonsule“
385 2148 574 2234 imperative
598 2147 718 2214 dietum
741 2154 774 2212 et
797 2169 867 2214 oum
890 2147 948 2230 iis,
963 2167 1045 2232 quae
1062 2153 1247 2232 sequuntur,
1270 2169 1343 2212 oon-

203 2250 416 2336 jungendum.
461 2252 629 2317 Transitus
663 2273 683 2316 a
714 2252 809 2316 modo
840 2251 1042 2335 conjunctivo
1073 2251 1114 2315 ad
1137 2252 1344 2316 indicativum

209 2357 423 2440 suspicionem
446 2377 574 2426 movere
597 2377 663 2420 non
677 2360 796 2440 potest,
820 2376 915 2440 quum
932 2355 1060 2438 saepius
1076 2354 1241 2420 modorum
1257 2355 1345 2420 enal-

209 2461 283 2544 lage
306 2461 486 2545 reperiatur
496 2457 529 2540 ¹).

312 2583 489 2648 Praeterea
510 2581 645 2646 miratur
659 2580 767 2662 Ribb.,
792 2581 876 2665 quod
898 2587 996 2667 poeta
1018 2582 1080 2646 hoo
1102 2580 1172 2645 looo
1188 2581 1346 2646 Thersitis

211 2686 360 2769 exemplo
394 2707 469 2751 usus
504 2686 554 2750 sit.
600 2683 666 2750 Sed
695 2690 806 2749 nostra
834 2685 963 2770 quidem
991 2685 1152 2750 sententia
1179 2684 1346 2751 luvenalis

211 2789 252 2854 de
281 2790 439 2855 industria
460 2789 643 2855 Thersitam
669 2788 762 2853 Ulixi
784 2790 949 2874 opposuit3
984 2789 1091 2853 dioere
1121 2789 1207 2852 enim
1229 2789 1346 2854 voluit:

209 2894 278 2979 ipse
302 2894 485 2976 Thersites,
517 2892 661 2978 quamvis
684 2893 896 2959 intoleranter
919 2914 953 2957 se
973 2893 1129 2977 jactaret,
1152 2898 1348 2957 nontamen

210 2999 256 3062 ita
277 2998 444 3062 immemor
467 3003 536 3063 erat
559 3017 636 3062 suae
659 2997 824 3062 tenuitatis
849 3003 881 3061 et
904 2997 1070 3082 ignaviae,
1104 3003 1139 3062 ut
1161 2996 1292 3061 lorioam
1316 3003 1349 3061 et

210 3102 335 3187 reliqua
356 3100 495 3166 Achillis
519 3121 608 3166 arma
630 3106 794 3185 posceret,
829 3101 944 3183 quibus
972 3100 1101 3166 indutus
1129 3101 1199 3184 ipse
1221 3100 1348 3182 Ulixes,

211 3225 404 3290 quamquam
429 3204 684 3288 sapientissimus
708 3209 777 3269 erat
800 3204 941 3270 omnium
957 3204 1164 3286 Graecorum,
1187 3223 1222 3268 se
1245 3209 1348 3267 trans·

212 3309 367 3390 duoebat‚
390 3309 410 3372 i.
434 3328 462 3372 e.
485 3308 564 3372 risui
585 3327 620 3370 se
644 3303 871 3391 exponebat2).
920 3308 981 3388 „Se
1004 3305 1227 3372 transduoere“
1264 3306 1349 3370 enim

211 3414 273 3478 hoo
294 3413 363 3477 loeo
387 3433 451 3476 non
474 3410 561 3475 idem
584 3416 647 3492 est,
672 3411 756 3496 quod
782 3433 835 3493 „se
855 3410 1010 3496 jaetare“‚
1042 3417 1077 3475 ut
1099 3410 1195 3474 Ribb.
1219 3409 1348 3474 demon-

212 3523 313 3581 strare
336 3516 467 3598 studuit,
491 3520 523 3579 et
546 3521 606 3579 sat.
622 3515 713 3599 Vlll,
736 3537 766 3581 v,
785 3517 834 3600 17,
859 3515 1019 3602 quemad
1042 3514 1235 3578 sententiam
1258 3535 1349 3578 suam

212 3620 365 3685 tuendam
387 3619 507 3701 laudat,
532 3623 644 3684 eontra
666 3639 739 3684 eum
762 3620 850 3684 faoit.
872 3619 903 3684 N
906 3641 958 3684 am
986 3619 1188 3705 „squalentes
1211 3617 1350 3683 traduoit

213 3723 307 3788 avos“
334 3723 416 3788 nihil
439 3721 528 3786 aliud
550 3729 615 3804 est,
645 3742 741 3807 quam
768 3724 963 3808 „ignominia
985 3721 1102 3788 affieit“
1127 3722 1212 3807 quod
1235 3743 1277 3786 ex
1299 3743 1349 3786 se·

214 3827 324 3914 quenti
351 3825 529 3906 „funestat“
556 3832 692 3912 apparet
702 3822 738 3908 ³).

315 3945 443 4010 Deinde
466 3949 501 4011 ut
524 3945 597 4010 aliis
620 3946 710 4030 loeis,
733 3949 780 4013 sio
801 3948 835 4012 in
856 3970 886 4013 v.
901 3948 944 4014 29
958 3912 1057 4014 Ribb.
1073 3968 1091 4011 e
1109 3967 1189 4012 vooe
1216 3945 1345 4031 „parte“

213 4119 419 4132 -n—-u-u-n—o——a-

321 4219 346 4289 1)
364 4218 397 4275 et
416 4217 446 4274 B.
464 4217 534 4286 hup.
552 4218 572 4277 1.
590 4233 613 4276 ο.
631 4235 658 4288 p.
678 4220 720 4278 38.

319 4309 347 4377 2)
365 4307 399 4365 af.
417 4307 487 4376 Rup.
505 4307 523 4364 l.
542 4323 566 4365 a.
584 4324 612 4377 p.
630 4308 690 4364 603.

319 4393 346 4464 3)
364 4393 397 4452 ct
415 4393 477 4453 doh.
496 4391 562 4452 Brit.
579 4392 598 4450 1.
616 4408 640 4452 o.
656 4409 683 4462 p.
701 4393 761 4463 570,
780 4398 808 4449 et
823 4410 851 4463 p.
870 4393 930 4450 615.
