3076 4762
637 327 854 432 --1o--¹

181 509 304 578 minore
335 510 404 574 arte
438 509 613 570 exornatae
646 509 679 567 et
711 499 885 586 praeclaris
915 499 1014 582 signis
1036 495 1257 582 Euphranoris
1285 502 1319 562 et

182 614 337 699 Polycliti
359 617 428 675 arte
451 609 604 674 confectis
635 613 711 691 apte
740 604 910 668 adduntur.
956 603 1010 669 Sic
1038 603 1223 667 hievernus
1247 622 1318 685 gra·

183 720 347 785 dationem
369 713 464 780 valde
486 715 638 778 usitatam
660 711 805 793 praebet.

621 1036 770 1142 Satira
803 1034 881 1140 IV.

287 1235 377 1299 Duas
399 1238 507 1318 partes
530 1229 611 1295 haec
634 1230 734 1294 satira
757 1229 873 1310 habet,
897 1227 1049 1308 alteram,
1072 1245 1155 1310 quae
1179 1222 1320 1306 Crispini

185 1336 352 1403 libidinem
375 1343 409 1400 et
430 1333 589 1398 luxuriam
611 1333 758 1416 castigat,
782 1331 934 1413 alteram,
958 1349 1040 1413 quae
1062 1328 1232 1393 ridiculum
1253 1326 1320 1390 Do-

120 1457 124 1462 '
185 1441 310 1506 mitiani
333 1439 502 1504 consilium
526 1437 566 1500 de
589 1436 722 1508 rhombo
745 1434 890 1500 habitum
913 1439 1050 1498 enarrat.
1075 1431 1241 1509 Quomodo
1257 1431 1319 1494 hae

160 1547 293 1630 ¹partes
317 1543 525 1623 cohaereant,
559 1542 688 1626 egregie
712 1540 860 1624 exposuit
881 1537 1159 1620 Naegelshaohius
1186 1534 1319 1615 (Philol.

184 1636 244 1730 111,
267 1669 298 1732 p.
320 1642 409 1730 469),
433 1647 487 1730 qui
509 1645 590 1710 haec
613 1645 705 1710 dicit:
740 1644 802 1707 Die
827 1642 1083 1725 Schleohtigkeit
1106 1641 1164 1707 der
1187 1640 1320 1706 Creato-

185 1773 243 1815 ren
267 1751 356 1816 stellt
378 1750 441 1815 den
455 1749 574 1814 Warth
597 1749 653 1812 des
669 1747 803 1814 Kaisars
826 1743 885 1810 in’s
901 1746 1006 1828 Lioht,
1029 1746 1087 1810 der
1109 1746 1155 1810 sie
1178 1744 1320 1809 erhoben

185 1855 252 1938 hat,
274 1854 340 1919 und
363 1855 415 1919 die
438 1852 672 1935 Bahandlung,
695 1851 747 1915 die
769 1850 1007 1934 Verwendung‚
1030 1850 1153 1914 welche
1176 1849 1245 1914 sich
1268 1848 1322 1912 dic

188 1960 321 2025 Creator
344 1979 418 2022 vom
439 1957 557 2022 Kaiser
579 1955 723 2038 gelallen
746 1954 856 2018 lassen
878 1975 982 2036 musa,
1012 1953 1153 2019 enthullt
1175 1973 1235 2017 uns
1258 1951 1321 2018 den

184 2064 304 2128 Warth
337 2063 425 2126 ihrer
451 2060 601 2142 Stellung
633 2058 698 2127 und
727 2058 827 2141 Lage.
871 2057 948 2124 Wia
972 2059 1112 2124 Schiller
1145 2058 1177 2122 in
1211 2057 1323 2140 Bozug

186 2167 245 2231 auf
263 2164 482 2229 Wallanstein
505 2170 591 2246 sagt‚
614 2162 689 2227 dass
712 2163 782 2228 sein
804 2162 911 2247 Lager
934 2169 1000 2228 erst
1022 2163 1091 2227 sein
1113 2160 1322 2227 Verbreohen

187 2269 326 2351 erkltra
349 2289 383 2332 so
406 2269 473 2332 vvill
495 2288 555 2333 uns
577 2267 717 2332 Juvenal
739 2267 803 2331 den
823 2266 942 2331 Kaisar
960 2267 1126 2333 Domitian
1149 2267 1192 2331 im
1207 2265 1322 2332 Lichte

183 2375 288 2438 seinos
311 2373 423 2456 Hofes‚
448 2373 553 2439 sciner
577 2371 754 2437 Creaturen
777 2371 901 2454 zeigcn.
941 2372 1031 2447 Quae
1055 2371 1232 2456 explicatio
1255 2376 1321 2434 tam

183 2483 299 2562 arguta
331 2484 462 2561 tamque
495 2475 674 2562 probabilis
709 2481 776 2557 est,
817 2481 852 2539 ut
893 2475 974 2540 nihil
1008 2475 1146 2560 amplius
1181 2475 1211 2540 ei
1245 2473 1321 2541 addi

185 2603 264 2667 opus
287 2582 339 2646 sit.

290 2684 410 2748 Contra
433 2682 609 2746 doctissimi
630 2682 717 2746 illius
739 2683 801 2746 viri
828 2683 1051 2746 auctoritatem
1073 2681 1171 2748 Ribb.
1194 2681 1217 2747 l.
1240 2704 1266 2746 c.
1289 2702 1321 2768 p.
1408 2753 1410 2756 ,

186 2787 227 2853 76
250 2808 292 2850 ss.
315 2792 417 2850 totam
439 2787 575 2871 primam
596 2791 722 2870 partem
746 2787 788 2867 (v.
813 2781 951 2868 1—36)‚
985 2799 1070 2869 quae
1097 2786 1188 2870 quasi
1210 2806 1322 2871 prooe-

184 2891 284 2954 mium
306 2890 439 2954 altarius
462 2889 614 2953 habenda
636 2895 704 2972 est,
732 2895 848 2975 poetae
872 2889 1049 2973 abrogavit.
1095 2889 1161 2955 Sed
1183 2890 1244 2953 hoa
1267 2909 1322 2952 ex-

185 2994 275 3059 ordio
291 2994 395 3078 ejecto
411 2999 513 3057 totum
527 3014 642 3078 poema
656 2992 738 3058 nihil
750 2993 813 3057 nisi
824 2994 1017 3058 narrationis
1028 2994 1168 3080 speciem
1179 2992 1323 3078 praebet,

186 3119 268 3182 quae
290 3090 450 3163 Juvennle
484 3098 582 3180 plane
605 3097 739 3193 indigna
765 3102 831 3180 est,
866 3118 963 3181 quum
996 3097 1088 3162 nulla
1116 3102 1222 3162 exstet
1253 3096 1323 3182 ejus

187 3204 299 3285 satira,
323 3223 404 3288 quae
428 3202 503 3266 talis
527 3202 654 3284 generis
677 3202 918 3286 simplicitatem
939 3221 1017 3287 prae
1039 3222 1074 3266 se
1097 3201 1189 3266 ferat.
1226 3200 1325 3265 Prae·

186 3310 276 3368 terea
290 3314 488 3390 argumenta,
512 3325 594 3390 quae
609 3304 706 3369 Ribb.
730 3312 841 3371 contra
863 3307 1057 3372 sententiam
1072 3304 1324 3389 Naegelshaohii

187 3409 300 3489 affert,
335 3408 430 3474 facile
460 3409 662 3475 refelluntur.
708 3409 842 3484 Quaerit
864 3411 1019 3494 primum,
1049 3432 1105 3475 cur
1127 3409 1267 3494 Crispini
1289 3409 1322 3472 in

188 3511 322 3575 oonsilio
351 3511 553 3596 imperatoris
582 3513 639 3576 vix
669 3511 793 3577 duobus
823 3515 969 3579 versibus
1001 3519 1098 3600 poeta
1128 3513 1324 3577 mentionem

187 3614 318 3680 feccrit?
362 3615 536 3681 Manifesto
559 3637 834 3702 supervacaneum
857 3623 944 3701 erat,
975 3618 1168 3684 {Iuvenalem
1189 3617 1223 3681 in
1247 3638 1324 3681 enu-

186 3717 349 3783 merandis
372 3726 405 3784 et
429 3719 649 3785 describendis
672 3721 808 3805 singulis
836 3721 1039 3787 senatoribus
1063 3720 1203 3806 Crispini
1224 3721 1324 3786 vitam

187 3827 220 3887 et
241 3843 346 3887 mores
369 3824 515 3908 pluribus
536 3825 682 3889 versibus
702 3823 894 3909 describere,
918 3847 1015 3910 quum
1025 3823 1097 3909 jam
1111 3825 1145 3888 in
1159 3826 1323 3909 prooemio

187 3927 228 3992 27
250 3926 397 3992 versibus
419 3927 498 3992 satis
521 3949 594 3992 eum
616 3928 827 4013 depinxisset.

289 4031 366 4097 Und
388 4031 474 4096 ftihlt
495 4052 570 4096 man
593 4033 697 4116 nicht,
720 4034 828 4117 pergit
850 4033 962 4115 Ribb.,
990 4030 1065 4097 dass
1088 4030 1140 4095 die
1163 4031 1323 4098 ktstliche

186 4134 293 4199 Ironie
313 4135 371 4200 der
386 4136 489 4201 Scene
511 4169 555 4180 -
577 4142 699 4219 gestdrt
721 4138 802 4204 vvird
825 4137 923 4202 durch
948 4135 1011 4200 den
1032 4135 1202 4220 positivae,
1225 4138 1324 4202 niioh·

186 4243 300 4302 tornen
322 4239 495 4304 Ausdruck
517 4241 780 4306 moralisirander
802 4241 1017 4324 Entrr'istung,
1047 4239 1104 4304 der
1126 4238 1178 4304 die
1200 4239 1324 4306 Einlci·

186 4345 268 4424 tung
290 4343 371 4408 auch
394 4345 427 4408 in
449 4345 519 4410 Ton
550 4367 586 4410 so
609 4346 791 4411 auffallend
818 4365 892 4410 vom
913 4343 1105 4428 Folganden
1126 4347 1325 4411 untarschei·

186 4443 262 4509 det?
301 4445 366 4512 Sed
396 4448 510 4513 eadem
540 4451 703 4515 elementa
729 4449 856 4533 generis
880 4447 1009 4514 dicendi
1035 4449 1156 4533 passim
1178 4450 1323 4518 invenias

1122 4552 1169 4618 2*
