3076 4762
651 269 867 338 ...41...

197 469 313 534 gessen
349 448 432 512 sind.
487 448 661 534 Respicere
695 453 803 512 autem
837 445 930 511 nobis
964 444 1113 510 videntur
1146 441 1336 528 pronomina

198 554 301 634 ,baec
323 551 455 616 eademi
493 559 525 616 et
547 552 589 617 ad
626 550 772 636 ,gustus“
807 550 851 631 (r.
876 549 929 628 14)
960 555 994 614 91
1021 547 1063 612 ad
1100 547 1195 630 ,illa,
1229 544 1330 631 quae“

196 658 240 738 (v.
265 655 318 736 16)
343 661 375 720 91
397 655 438 720 ad
462 656 611 736 ,condire
634 657 781 740 gulosum
802 653 918 719 fictile“
944 674 974 718 v.
1000 653 1049 734 19,
1073 651 1145 736 sq.).

299 759 505 843 Ausserdem,
528 761 634 846 pergit
648 759 745 824 Ribb.
768 758 921 824 scheineu
943 757 1004 821 mir
1025 755 1121 820 beide
1136 755 1333 820 Pronomina

196 864 407 953 ungeschiclrt
436 864 542 928 uebeu
575 862 730 928 einander
764 883 804 926 zu
837 861 967 944 stehen3
998 859 1092 945 jedes
1122 879 1184 922 von
1214 858 1332 923 beiden

195 968 296 1032 allein
319 967 427 1031 wrirde
444 967 612 1032 dieselbeu
627 966 764 1031 Dienste
787 965 878 1030 thun.
907 964 1032 1030 Eadem
1046 963 1146 1029 verba
1160 962 1334 1030 Ribbeckii

196 1071 355 1156 quadrare
377 1077 512 1156 possunt
535 1070 576 1135 ad
599 1071 658 1152 ΙΠ,
682 1071 739 1154 92;
762 1069 821 1152 VI,
846 1069 923 1150 1123
945 1069 1021 1152 VH,
1047 1068 1122 1151 1523
1149 1069 1220 1134 198.

299 1175 427 1240 Deinde
463 1173 573 1257 ,nam“
611 1174 765 1246 hocloco
789 1173 1003 1258 postpositum
1025 1172 1205 1251 offensione
1229 1177 1332 1256 caret3

198 1299 294 1364 quum
316 1280 407 1364 loges
438 1280 516 1343 artis
549 1279 697 1364 poeticae
730 1298 795 1342 898
828 1277 943 1342 iisdem
969 1277 1086 1342 finibus
1109 1277 1334 1342 contineantur

200 1403 237 1447 ac
259 1403 375 1467 prosae
397 1383 561 1446 orationis.
606 1384 702 1448 Certe
718 1381 833 1446 eodem
850 1382 933 1465 jure,
957 1401 1019 1465 quo
1035 1381 1132 1445 Ribb.
1148 1381 1333 1445 liberiorem

197 1509 290 1552 usum
312 1486 406 1550 huius
436 1487 667 1570 conjunctionis
700 1485 962 1571 postponendae,
997 1484 1143 1568 Oatullo,
1175 1485 1334 1568 Vergilio,

196 1588 334 1653 Horatio
357 1609 551 1673 concessum,
574 1592 798 1676 interpolatori
821 1589 943 1671 tribuit,
967 1610 1062 1674 quem
1077 1590 1167 1654 nullo
1184 1589 1247 1654 alio
1264 1589 1334 1653 loco

197 1694 229 1756 in
253 1693 314 1757 hoc
335 1693 487 1758 mendum
508 1696 660 1782 illapsum
682 1715 753 1760 esse
776 1695 846 1778 1889
870 1692 958 1776 dicit,
980 1692 1133 1759 Juvenali
1152 1692 1333 1778 1881818111-

198 1818 271 1862 oare
294 1818 472 1882 possumus.
1207 1883 1208 1888 ἵ

300 1903 338 1967 ln
362 1902 485 1967 duobus
509 1901 718 1986 sequentibus
741 1901 953 1967 hemistichiis
975 1924 1006 1966 v.
1029 1902 1071 1968 22
1094 1921 1157 1986 sq.:

438 2006 472 2069 in
493 2005 646 2070 Ventidio
670 2005 834 2070 laudabile
858 2025 976 2071 nomen

439 2110 536 2174 sumit
558 2115 591 2174 et
614 2131 633 2174 8
656 2130 754 2175 99888
777 2110 896 2174 famam
919 2110 1029 2190 trahit,

198 2213 259 2278 etsi
275 2233 391 2276 nomen
407 2213 587 2296 subjectum
603 2212 813 2295 desideratur,
828 2219 937 2277 tamen
953 2214 1049 2278 facile
1061 2234 1103 2279 ex
1115 2213 1336 2278 antecedenti-

196 2317 256 2382 bus
279 2317 424 2382 versibus
447 2317 587 2401 intelligi
610 2323 708 2402 81889
740 2317 845 2382 audiri
867 2324 990 2403 potest3
1029 2311 1136 2402 quare
1151 2317 1335 2401 conjectura

195 2420 395 2502 Heinrichii,
418 2421 531 2507 88111.
555 2443 584 2494 c,
602 2443 634 2507 p.
657 2420 735 2503 416)
762 2421 944 2507 ,sumptus“
970 2442 1029 2507 pro
1056 2421 1188 2503 ,sumit“
1219 2422 1336 2507 posuit,

196 2527 378 2598 necessaria
389 2547 454 2588 898
470 2531 528 2590 981.
545 2525 671 2590 Eodem
684 2533 814 2592 auctore
826 2526 922 2592 Ribb.
936 2527 1004 2590 8188
1018 2547 1115 2590 98888
1126 2526 1336 2610 tautologiam

200 2628 382 2708 ,laudabile
397 2648 514 2694 nomen
527 2630 622 2692 sumit
635 2635 668 2693 et
683 2650 702 2693 9
717 2651 815 2694 99888
826 2630 946 2695 famam
957 2628 1075 2695 trahit“
1090 2629 1335 2714 vituperandam

197 2751 267 2796 esse
282 2739 400 2815 censet,
416 2739 450 2797 ct
461 2753 571 2796 omnes
582 2733 787 2818 tautologiae,
801 2755 883 2820 quae
896 2756 954 2798 sex
965 2740 1033 2798 1919
1045 2735 1209 2818 prooemio
1222 2735 1334 2818 legun-

196 2839 256 2918 tur,
280 2842 456 2919 enumerat,
480 2857 497 2900 9
521 2836 637 2921 881588
659 2857 789 2902 manum
812 2838 1053 2922 interpolatoris
1076 2838 1225 2921 cognosci
1240 2858 1335 2922 posse

190 2939 328 3022 judicat.
350 2939 416 3006 Sed
431 2941 560 3024 saepius
577 2939 715 3004 eundem
729 2940 782 3004 vel
799 2941 897 3006 etiam
912 2941 1068 3025 majorem
1084 2942 1335 3025 tautologiamm

196 3065 362 3108 numerum
385 3044 541 3127 invenias,
565 3046 592 3108 si
617 3045 859 3130 quinquagenos
884 3046 998 3130 quinos
1019 3066 1131 3110 versus
1156 3038 1337 3130 compares:

299 3148 426 3214 Satirae
441 3148 484 3220 Π,
507 3148 623 3232 quibus
639 3169 697 3212 sex
719 3148 956 3230 (v.11‚14,15
979 3169 1027 3234 88.
1051 3148 1103 3232 25,
1126 3149 1178 3232 34,
1201 3151 1244 3216 44
1263 3148 1336 3234 88),

198 3250 322 3316 Satirae
338 3251 397 3334 111,
414 3252 529 3337 quibus
545 3273 604 3316 sex
620 3252 662 3332 (v.
681 3251 730 3334 17,
750 3253 789 3317 19
802 3272 863 3337 88,
879 3252 922 3317 26
938 3274 991 3335 88,
1006 3251 1050 3318 34
1065 3274 1123 3338 88,
1138 3254 1191 3336 48,
1204 3255 1247 3320 49
1265 3252 1337 3339 88),

198 3353 323 3419 Satirae
345 3354 402 3437 VI,
432 3355 548 3440 quibus
565 3355 721 3426 undecim
745 3355 788 3436 (v.
813 3357 830 3420 1
854 3376 913 3439 88,
936 3357 967 3437 3,
992 3356 1042 3438 11,
1067 3357 1106 3422 17
1131 3377 1189 3439 88,
1214 3358 1254 3422 19
1277 3377 1336 3442 88,

197 3457 249 3538 21,
273 3457 312 3521 21
338 3479 396 3543 88,
418 3459 470 3540 25,
493 3461 545 3542 29,
568 3460 611 3525 39
633 3479 691 3543 88,
714 3459 756 3524 51
780 3457 852 3544 sq),
881 3460 950 3526 Sat.
972 3460 1047 3544 VII,
1071 3461 1186 3547 quibus
1210 3465 1334 3547 septem

197 3560 247 3650 (v,
264 3561 294 3643 3,
317 3559 347 3643 5,
373 3562 412 3627 18
435 3581 493 3645 88,
515 3564 568 3646 20,
591 3563 643 3645 31,
667 3563 708 3628 48
732 3583 791 3648 88,
814 3563 856 3628 53
878 3561 951 3646 ss),
989 3564 1115 3630 Satires
1137 3565 1196 3630 [X.
1220 3564 1335 3650 quibus

197 3686 255 3732 sex
280 3665 324 3746 (v.
343 3666 383 3730 10
398 3686 456 3749 88,
479 3665 522 3730 20
538 3687 596 3752 88,
619 3669 672 3749 31,
694 3667 748 3750 36,
770 3666 822 3749 43,
845 3667 888 3733 46
903 3666 974 3754 88),
996 3668 1194 3752 tautologiae
1216 3670 1336 3734 insunt.

299 3769 476 3835 Praeterea
509 3770 605 3835 Ribb.
640 3771 816 3837 offenditur
852 3769 1011 3855 adjectivo
1057 3771 1258 3852 ,laudabile“
1295 3773 1337 3838 ad

200 3873 352 3955 ,nomen“
379 3874 543 3958 88898119,Ι
564 3874 765 3956 ,1988181888ιι
792 3875 979 3960 ponendum
1002 3895 1073 3938 9889
1097 3878 1256 3959 opinatus,
1279 3877 1337 3942 aed

197 3985 395 4062 argumenta,
420 3978 534 4064 quibus
550 3980 712 4044 sententia
727 4000 786 4044 sua
802 3979 976 4061 confirmet,
999 4000 1064 4044 non
1080 3980 1185 4044 affert.
1219 3982 1338 4046 Omnia

197 4089 305 4148 autem
328 4084 460 4148 nomina
482 4083 652 4167 adjectiva,
677 4104 759 4169 quae
783 4085 816 4148 iu
843 4081 931 4164 ,ilis‘
957 4084 1019 4148 vel
1037 4082 1148 4164 „bilis“
1175 4082 1337 4167 excidunt,

105 4239 106 4242 ,
196 4187 319 4252 habent
333 4188 399 4253 vim
414 4188 586 4271 passivam,
610 4188 712 4252 rarius
736 4187 883 4270 activam.
908 4187 1014 4263 Quare
1036 4188 1242 4273 participium
1264 4209 1336 4274 per·

197 4292 273 4357 fecti
294 4292 415 4377 passivi
442 4289 646 4372 „laudatum“
671 4312 730 4375 pro
757 4290 972 4375 ,laudabile“,
996 4291 1081 4378 quod
1103 4292 1218 4358 eodem
1240 4313 1336 4360 sensu

192 4403 255 4492 vest,
278 4398 339 4463 hoc
361 4398 433 4462 1999
456 4397 535 4483 8981
556 4413 690 4462 8999889
712 4415 778 4460 898
800 4399 861 4462 981.
