3076 4762
624 271 836 338 ..12-

574 485 577 494 ’
610 511 759 618 Satira
793 512 851 617 Il.

269 691 300 736 v.
326 671 387 736 102
409 691 463 756 sq:

317 796 368 840 res
390 773 599 839 memoranda
620 774 711 838 novis
734 773 904 838 annalibus
927 779 1023 858 atque
1046 776 1168 839 recenti

318 878 463 960 historia,
486 879 650 962 speculum
674 879 776 942 civilis
800 879 927 942 sarcina
949 879 1039 944 belli.

270 983 310 1046 R.
320 979 343 1060 ¹)
374 982 437 1046 Die
460 983 795 1066 Zusammenstellung
828 983 885 1046 der
923 1003 1044 1064 ,neuen
1078 981 1298 1048 Jahrbiicher“

168 1085 235 1150 und
261 1086 319 1151 der
350 1087 510 1166 „frischen
530 1085 693 1151 Historie“
719 1119 762 1131 --
783 1088 827 1150 ist
856 1087 931 1150 sehr
957 1087 1173 1170 tautologisch
1197 1136 1205 1152 .
1229 1136 1237 1152 .
1261 1135 1269 1150 .
1293 1137 1300 1151 .

273 1190 366 1266 Quod
378 1191 405 1254 si
417 1189 924 1275 concederemus,quaereremus,
941 1212 996 1255 cur
1007 1190 1103 1255 Ribb.
1115 1211 1181 1255 non
1192 1211 1302 1255 omnes

169 1313 288 1375 versus,
312 1295 366 1378 qui
382 1292 494 1357 eadem
510 1295 576 1358 fere
593 1295 771 1378 tautologia
792 1295 950 1376 laborant,
973 1293 1125 1359 quenali
1147 1294 1303 1378 abrogare

170 1403 303 1461 conatus
326 1405 420 1462 esset.
445 1399 484 1462 oi.
508 1399 567 1480 III,
591 1398 632 1462 26
648 1419 708 1481 ss.;
732 1398 823 1480 VIII,
847 1397 904 1479 50;
928 1399 1047 1461 multos
1070 1397 1150 1485 alios
1173 1395 1303 1477 locos2).

170 1500 269 1564 Tales
296 1521 405 1564 versus
437 1502 464 1564 si
494 1503 642 1583 retinuit,
677 1503 773 1566 etiam
803 1523 833 1565 v.
859 1501 920 1565 102
943 1522 991 1585 sq.
1035 1501 1203 1567 luvenalis
1234 1521 1303 1565 esse

170 1625 265 1688 posse
289 1603 374 1669 dicat
396 1625 527 1669 necesse
551 1611 609 1669 est.
641 1606 816 1669 Praeterea
831 1625 982 1688 magnam
997 1605 1218 1689 tautologiam,
1242 1627 1305 1690 qua

170 1729 201 1772 v.
226 1709 287 1772 102
310 1729 357 1792 sq.
389 1710 575 1793 conspicuos
610 1730 679 1773 esse
702 1709 742 1774 R.
772 1709 857 1790 vult,
892 1707 1020 1772 omnino
1054 1728 1119 1771 non
1149 1707 1304 1772 videmus.

170 1811 351 1894 Rationem,
375 1832 456 1897 quae
480 1814 564 1876 inter
580 1814 714 1876 annales
731 1818 763 1876 et
778 1813 946 1876 historiam
964 1809 1146 1894 intercedit,
1169 1813 1306 1895 argutis-

172 1917 250 1980 sime
272 1915 346 1980 Joh.
369 1916 450 1981 Brit.
460 1913 485 1996 ³)
510 1918 676 2002 exposuit,
710 1917 755 1980 sio
778 1915 954 1980 disserens:
974 1916 1095 1996 ,inter
1116 1915 1250 1978 annales
1274 1920 1307 1979 et

173 2020 340 2084 historiam
372 2020 433 2083 hoe
465 2021 616 2102 interest,
656 2019 741 2104 quod
775 2021 925 2102 annales,
964 2024 1118 2103 quantum
1153 2019 1305 2102 colligere

172 2125 333 2209 potuimus
357 2145 398 2188 ex
412 2124 519 2188 verbis
537 2125 636 2188 Gellii
648 2122 682 2206 ⁴),
706 2129 780 2186 sunt
802 2125 877 2188 libri
900 2124 1101 2188 continentes
1125 2144 1176 2186 res
1199 2131 1306 2206 gestas

173 2227 313 2312 plurium
328 2249 493 2309 annorum,
509 2227 678 2292 observato
695 2228 847 2312 cujusque
864 2228 940 2292 anni
956 2227 1078 2309 ordine,
1093 2225 1178 2290 unde
1190 2247 1307 2290 nomen

173 2352 342 2416 accepere;
358 2331 436 2396 nudi
452 2336 560 2394 autem
575 2336 693 2394 suntet
709 2333 881 2416 simplices,
896 2333 1060 2415 velutique
1077 2331 1307 2412 commentarii,

174 2435 229 2518 qui
243 2435 384 2499 breviter
399 2455 466 2498 rem
483 2435 731 2516 complectentes
750 2436 917 2499 materiam
932 2435 1110 2519 praebeant
1123 2433 1307 2498 volentibus

176 2538 315 2602 scribere
339 2538 523 2620 historiam3
557 2557 662 2621 neque
686 2539 771 2602 enim
794 2539 928 2603 affectus
950 2544 1089 2620 mouent,
1112 2559 1216 2622 neque
1241 2538 1308 2601 ala·

176 2644 294 2707 criores
317 2642 359 2706 ad
381 2663 448 2706 rem
470 2641 634 2726 publicam
658 2641 909 2724 defendendam,
942 2663 1046 2726 neque
1075 2644 1239 2727 segniores
1268 2641 1309 2705 ad

177 2768 245 2811 rem
267 2767 438 2832 perperam
460 2744 641 2809 faciendam
663 2747 796 2810 annales
818 2767 1016 2835 commouere
1033 2753 1176 2832 possunt.
1199 2745 1309 2810 Histo-

177 2853 225 2915 ria
246 2871 322 2915 vero
346 2857 395 2914 est
417 2871 523 2917 rerum
545 2855 707 2931 gestarum
729 2851 870 2915 narratio
892 2851 945 2914 vel
961 2850 1201 2930 demonstratio,
1225 2847 1311 2911 dicta

178 2957 219 3020 ab
242 2953 394 3042 ἱστορέω,
418 2953 504 3038 quod
527 2959 577 3017 est
599 2953 695 3037 idern,
719 2954 803 3040 quod
825 2973 920 3018 narro
938 3001 1043 3018 .....
1066 2951 1154 3033 Ilrgo
1177 2951 1311 3015 annales

82 3136 85 3143 Ι
177 3059 210 3122 id
234 3059 363 3122 omnino
387 3063 475 3138 sunt,
511 3056 596 3140 quod
620 3059 786 3139 historiae3
815 3057 872 3121 sed
905 3058 1057 3122 historiae
1089 3076 1154 3118 non
1182 3055 1312 3119 omnino

179 3162 222 3244 id,
246 3161 331 3246 quod
354 3161 488 3225 annales
513 3165 596 3242 sunt,
620 3168 783 3245 tamquam
807 3163 945 3226 alterum
968 3161 1010 3224 sit
1029 3158 1170 3243 speciale
1185 3178 1313 3240 nomen,

180 3268 316 3332 alterum
338 3264 519 3349 generale.“

285 3370 451 3454 Sequitur,
481 3389 511 3432 v,
537 3369 613 3450 102,
647 3390 693 3453 sq.
723 3390 788 3452 uon
815 3369 909 3434 modo
931 3386 1084 3451 maguam
1105 3365 1316 3448 tautologiam

182 3497 246 3540 non
268 3474 389 3555 inesse,
424 3471 481 3536 sed
515 3474 619 3556 potius
649 3472 873 3556 gradationem
903 3495 923 3538 a
950 3478 1084 3560 speciali
1115 3477 1243 3542 nominc
1275 3473 1317 3540 ad

183 3579 345 3665 generale,
368 3597 464 3662 quam
486 3576 696 3658 tautologiam
720 3578 859 3662 quidem,
882 3579 939 3643 sed
961 3579 1113 3645 Juvenali
1134 3581 1230 3646 valde
1253 3582 1316 3645 usi·

184 3691 283 3749 tatum
299 3703 370 3747 esse
385 3703 479 3746 nemo
495 3701 558 3744 non
575 3679 738 3744 concedet.
762 3683 868 3756 Quare
884 3684 1045 3766 miramur,
1061 3685 1146 3769 quod
1161 3685 1317 3768 B.Lupus

186 3791 206 3854 l.
230 3811 256 3852 c.
279 3810 310 3873 p.
334 3788 393 3870 22,
426 3786 481 3850 ubi
513 3784 554 3848 de
583 3783 681 3846 variis
709 3787 910 3870 tautologiis,
945 3809 1027 3872 quae
1055 3789 1089 3852 iu
1111 3789 1183 3854 Juv.
1212 3787 1318 3851 satiris

185 3895 345 3978 leguntur,
369 3889 507 3970 disserit,
530 3887 615 3950 hune
635 3906 763 3952 versum
785 3890 817 3952 in
843 3911 898 3954 eos
921 3899 1084 3976 numerat,
1114 3893 1167 3977 qui
1188 3889 1319 3955 crimine

187 4013 394 4026 μ’*

290 4061 350 4130 l)l.
370 4077 390 4114 c.
409 4075 435 4126 p.
455 4059 513 4110 118.

290 4151 317 4220 2)
335 4147 363 4202 ef
391 4147 423 4201 B.
440 4145 509 4212 Lap.
534 4143 550 4196 l.
569 4143 585 4198 l.
604 4157 629 4210 p.
648 4143 689 4198 22.
708 4157 747 4211 sq.
784 4145 846 4200 Otto
864 4147 1004 4218 Meincrtz,
1022 4145 1115 4200 vindic.
1134 4145 1194 4198 Jur.
1231 4143 1321 4211 (Regi-

188 4237 270 4293 monti
288 4237 330 4289 Pr.
352 4232 429 4303 1866)
446 4247 472 4298 p.
492 4231 532 4282 12.

293 4330 319 4398 3)
337 4326 378 4381 ed.
396 4323 481 4377 Henn.
500 4335 526 4386 p.
545 4315 596 4367 446
615 4330 654 4382 sq.

294 4416 320 4484 4)
337 4412 382 4466 lib.
401 4409 432 4478 V,
451 4406 533 4462 018.
