3076 4762
622 321 839 392 ...17-

167 509 221 594 qui
243 505 358 572 eodem
379 503 474 568 modo
498 499 746 586 descriptionem
768 498 827 563 fati
848 495 947 562 Acilii
967 493 1115 577 minoris,
1142 497 1175 560 et
1203 513 1234 558 u.
1260 491 1301 576 V,

167 613 219 696 66,
243 612 298 697 qui
319 629 384 673 non
405 608 510 671 minus
533 604 783 687 descriptionem
798 621 962 666 servorum
981 601 1015 664 in
1031 599 1164 668 clientes
1179 599 1302 682 iniquo·

167 737 237 780 rum
260 711 481 795 interrumpit,
520 709 674 773 acerrime
707 711 824 792 poetae
845 705 1009 770 uindicare
1043 700 1160 766 studet.
1217 702 1302 767 Sane

65 819 66 826 ’
173 815 294 899 „omni“
335 813 376 879 ad
408 814 509 878 verba
554 816 666 893 ,nocte
701 809 835 894 dieque“
872 808 1056 893 appositum
1089 805 1303 890 suspicionem

168 926 276 986 movet
298 925 331 983 et
352 917 514 981 medelam
544 917 620 981 huic
649 917 720 979 loco
753 934 832 998 opus
856 933 928 976 esse
955 910 1069 994 negari
1090 929 1156 974 non
1178 915 1303 993 potest3

170 1024 226 1090 sed
257 1023 338 1086 haec
367 1020 495 1085 medela
524 1041 590 1084 non
620 1039 638 1083 e
668 1023 736 1082 toto
763 1035 859 1081 versu
886 1013 1045 1100 ejiciendo
1076 1013 1157 1077 sumi
1186 1017 1303 1096 potest.

168 1127 241 1192 Jam
264 1145 340 1189 vero
366 1145 511 1210 ,semper
526 1129 559 1188 et
575 1123 661 1186 omni
676 1127 770 1186 noete
787 1119 931 1205 dieque‚“
959 1138 1023 1203 qua
1044 1122 1203 1182 structura
1215 1117 1254 1181 Β.
1265 1116 1303 1181 L.

167 1229 342 1295 offenditur
374 1247 532 1312 quamque
565 1226 662 1290 Ribb.
702 1225 861 1292 Juvenale
894 1223 991 1308 plana
1029 1222 1195 1306 indignam
1230 1241 1302 1286 esse

170 1334 318 1418 opinatur
340 1331 376 1412 (l.
401 1352 428 1395 c.
444 1351 475 1414 p.
494 1329 578 1412 119),
601 1331 683 1395 nihil
706 1330 767 1394 nisi
790 1327 969 1410 tautologia
991 1334 1057 1410 est;
1080 1331 1166 1390 certe
1190 1325 1305 1390 eodem

166 1436 238 1520 jure
261 1437 342 1502 haee
363 1435 463 1498 verba
485 1433 517 1496 in
540 1434 790 1516 tautologiarum
803 1451 971 1496 numerum
985 1432 1106 1495 referre
1127 1450 1304 1514 possumus,

170 1561 232 1625 quo
255 1541 294 1604 B.
317 1538 355 1603 L.
365 1536 388 1617 ¹)
418 1538 485 1618 111,
515 1535 593 1602 268:
628 1536 707 1618 (alia
730 1557 768 1600 ao
790 1535 916 1599 diversa
938 1532 1109 1619 pericula);
1142 1533 1201 1616 IV,
1225 1533 1304 1600 152:

169 1644 314 1728 (impune
337 1647 369 1705 et
391 1641 517 1705 vindice
540 1639 644 1721 nullo)
672 1647 733 1704 etc.
763 1640 961 1722 tautologiae
992 1638 1133 1723 speciem
1160 1658 1239 1722 prae
1269 1658 1303 1702 se

170 1748 254 1811 ferre
278 1745 458 1825 contendit,
493 1765 591 1829 quum
620 1765 684 1808 non
707 1745 812 1808 minus
835 1763 932 1827 quam
953 1743 988 1806 lri
1009 1762 1121 1806 versus
1144 1742 1303 1824 congestis

170 1850 276 1914 verbis
300 1850 471 1934 conspicua
493 1849 567 1911 sint.

271 1969 422 2052 Denique
444 1973 491 2050 ut,
514 1968 591 2053 quid
614 1967 653 2032 de
669 1969 730 2032 hoc
743 1989 839 2033 versu
853 1965 1057 2032 statuendum
1077 1967 1130 2049 sit,
1152 1966 1305 2048 dicamus,

171 2073 299 2136 omnino
333 2089 391 2134 nos
425 2090 445 2134 a
478 2071 514 2136 G.
536 2071 589 2136 Fr.
612 2072 793 2137 Hermanni
825 2071 969 2156 partibus
997 2076 1082 2135 stare
1110 2068 1306 2151 confitemur,

171 2176 226 2260 qui
248 2175 334 2238 hunc
348 2193 476 2238 versum
501 2176 608 2256 ,salvo
624 2195 722 2240 seusu
736 2176 850 2240 abesse
867 2174 996 2260 quidem
1011 2195 1117 2258 posse,
1139 2172 1306 2257 indignum

172 2284 280 2341 tamen
294 2276 315 2342 J
317 2279 452 2342 uvenale
468 2299 507 2343 eo
521 2278 626 2343 minus
641 2277 826 2342 habendum
843 2276 930 2342 esse“
946 2277 1081 2360 judicat,
1100 2297 1180 2362 „quo
1199 2278 1306 2361 aptius

168 2380 269 2445 lector
297 2403 338 2446 ex
365 2382 471 2448 medio
499 2383 720 2467 exemplorum
743 2381 838 2448 turba
866 2381 909 2445 ad
939 2402 1096 2446 summam
1122 2382 1304 2446 sententiae

167 2486 350 2552 remittatur
368 2486 391 2567 ).

167 2605 281 2689 Neque
303 2609 408 2671 minus
430 2606 598 2672 luvenalis
622 2625 693 2669 esse
716 2612 865 2689 putamus

168 2743 199 2788 v.
225 2724 304 2788 113:

265 2863 273 2874 '¹
314 2846 396 2909 scire
418 2846 531 2911 volunt
553 2851 679 2911 secreta
702 2845 813 2910 domus
836 2853 932 2931 atque
954 2845 1030 2910 iude
1054 2847 1169 2911 timeri.

168 2970 261 3034 quern
285 2949 398 3032 Rihb.,
431 2950 625 3034 Pinzgerus,
658 2949 896 3032 Heinrichius,
919 2950 958 3015 Ο.
979 2950 1117 3015 {Iahnius
1144 2951 1303 3016 immerito

168 3055 350 3137 ejecerunt,
379 3074 458 3138 quos
481 3059 608 3118 secutus
631 3061 681 3118 est
709 3053 807 3118 etiam
829 3054 868 3118 B.
890 3055 1012 3138 Lupus.
1056 3055 1197 3119 Tantum
1220 3056 1307 3120 enim

168 3157 278 3241 abest,
307 3164 344 3222 ut
360 3178 388 3234 a
409 3162 479 3222 tota
502 3157 654 3222 Graeculi
676 3156 892 3242 descriptione
915 3159 968 3222 hic
988 3178 1100 3224 versus
1122 3158 1304 3241 abhorreat,
1395 3195 1398 3204 .

168 3265 204 3325 ut
234 3281 363 3326 causam
392 3262 526 3343 afferat,
561 3280 616 3324 our
640 3261 818 3326 Graeculus
841 3261 970 3326 domiuo
993 3262 1136 3345 genitos,
1169 3282 1305 3327 uxorem
1357 3299 1365 3314 .

168 3363 254 3447 ejus,
287 3367 362 3447 quin
393 3367 492 3430 etiam
519 3364 625 3429 ariam
658 3363 793 3428 libidine
822 3367 933 3448 agitet.
977 3366 1023 3430 Ut
1045 3365 1087 3429 ad
1110 3371 1307 3431 testamenta

169 3464 377 3552 capienda³),
409 3469 455 3533 ita
478 3467 519 3532 ad
545 3465 670 3534 s‘ecreta
692 3467 805 3533 domus
827 3467 1050 3552 cognoscenda
1076 3469 1233 3534 facillima
1254 3471 1307 3535 ria

168 3574 219 3633 est
240 3570 351 3635 libido.
396 3571 448 3634 Ita
469 3572 521 3637 hic
543 3592 655 3637 versus
686 3573 845 3638 artissime
874 3572 1024 3638 cohaeret
1057 3595 1129 3638 cum
1162 3575 1217 3657 iis,
1251 3575 1306 3658 qui

169 3673 382 3757 antecedunt,
416 3695 520 3758 neque
549 3675 662 3740 deesse
685 3682 803 3762 potest.
854 3677 960 3752 Quare
983 3697 1115 3743 necesse
1138 3697 1203 3742 non
1226 3683 1306 3760 erat,

166 3783 203 3841 ut
223 3777 323 3842 Ribb.
346 3777 539 3861 arbitratur,
561 3785 692 3862 poetam
713 3786 787 3865 post
808 3780 895 3846 huno
916 3800 1045 3845 versum
1065 3781 1212 3867 pluribus
1235 3801 1305 3845 ver·

168 3881 257 3947 sibus
281 3880 481 3964 describere,
514 3883 671 3966 quomodo
696 3884 849 3949 Graeculi
874 3885 909 3948 in
935 3889 1061 3948 secreta
1088 3884 1200 3950 domus
1229 3885 1305 3949 insi·

168 4003 266 4050 uuare
289 3990 387 4070 atque
411 3984 486 4050 iude
510 3986 615 4050 timeri
638 3986 815 4052 studerent.

272 4257 296 4325 1)
314 4257 331 4312 l.
350 4273 372 4313 c.
391 4259 478 4326 1222.
824 4297 825 4302 κ

270 4341 297 4412 2)
313 4343 342 4398 in
358 4345 524 4412 praelatione
542 4343 577 4400 ad
594 4345 654 4402 Juv.
673 4363 699 4415 p.
719 4347 805 4403 XXII.

269 4429 296 4498 3)
314 4429 346 4486 cf.
365 4431 385 4500 1,
403 4433 436 4489 37
455 4448 500 4502 ss,
519 4432 553 4486 55
571 4447 617 4503 ss,
633 4431 666 4488 al.
