3076 4762
636 316 850 383 ,27-

180 518 283 581 aequo
303 496 375 580 jure
398 513 509 558 omnes
532 494 618 557 cives
633 513 742 557 secum
757 512 829 556 esse
844 491 975 576 patitur,
998 491 1160 556 neminem
1175 497 1315 556 contem-

179 604 237 685 nit,
260 601 343 665 nihil
366 599 427 663 sibi
443 598 615 682 praecipue
641 601 780 680 arrogat,
802 595 902 660 uerbo
925 595 972 658 ita
993 595 1026 658 in
1049 595 1197 660 omnibus
1219 597 1316 661 rebus
1395 663 1397 672 ,

180 726 215 770 se
232 704 376 789 praebet,
399 711 435 766 ut
450 708 573 766 ceteros
589 721 715 786 quoque
731 700 816 764 cives
839 719 909 763 esse
924 698 1072 762 videatur
1086 700 1270 764 meminisse
1280 698 1316 782 ¹).

181 811 289 885 Quare
315 808 470 888 „civiliter
493 804 646 870 coenare“
672 805 759 870 idem
782 810 848 886 est,
877 802 962 888 quod
984 823 1094 868 omnes
1117 803 1159 868 ad
1183 825 1315 870 coenam

181 913 343 978 adhibitos
366 932 469 996 aequo
489 911 581 995 jure,
615 910 635 974 i.
666 931 695 974 e.
723 910 792 974 eine
820 930 931 974 eorum
961 907 1079 991 injuria
1107 928 1215 974 secum
1245 931 1316 976 coe·

181 1037 258 1084 nare
281 1017 360 1100 peti.
696 1066 701 1074 .
987 1063 989 1068 ,

285 1141 375 1215 Quae
404 1157 499 1222 pcrro
528 1135 626 1201 Ribb.
657 1134 697 1199 de
723 1134 892 1219 languide,
931 1134 1016 1219 quod
1044 1141 1153 1217 vocat,
1191 1135 1315 1200 addita-

179 1249 299 1308 menta
314 1249 367 1324 „nt
388 1263 473 1306 nunc
487 1237 598 1304 multi“
625 1239 711 1322 dicit,
734 1223 815 1304 satie*
836 1238 928 1304 nobis
946 1239 1015 1322 jam
1038 1261 1134 1325 supra
1155 1241 1315 1305 refellisse

180 1348 334 1416 videmur.

283 1468 480 1553 Anephcrae
514 1467 688 1551 exemplis,
723 1485 806 1550 quae
832 1465 871 1530 B.
894 1467 975 1550 an.
1007 1466 1028 1530 l.
1057 1487 1084 1530 c.
1107 1488 1138 1551 p.
1166 1445 1217 1532 3'2.
1245 1487 1316 1530 cum

180 1577 242 1638 hoc
268 1571 374 1654 „est0“
400 1573 538 1657 repetite
562 1576 739 1656 comparat,
771 1570 847 1634 addi
869 1576 1017 1656 possunt:
1047 1570 1315 1655 V1H‚171sq.;

180 1677 244 1741 243
267 1697 315 1760 sq,
358 1675 433 1741 Jem
456 1697 530 1740 vero
554 1675 587 1738 in
609 1674 731 1738 verbis:
760 1695 917 1759 „namque
939 1679 972 1738 et
994 1674 1097 1739 titulis
1120 1679 1153 1738 et
1175 1673 1315 1739 fascibus

181 1783 257 1846 olim
286 1782 390 1866 major
418 1780 599 1847 habebatur
629 1779 771 1844 donandi
800 1779 921 1862 gloria“
948 1780 1079 1844 nimiam
1102 1779 1315 1865 hyperbolem

180 1887 295 1968 inesse,
318 1887 431 1970 negari
452 1905 517 1948 non
539 1888 657 1968 potest.
681 1882 747 1949 Sed
766 1883 959 1949 ,Iuvenalem
979 1905 1044 1948 non
1065 1905 1161 1948 rerum
1184 1883 1315 1968 scripto-

180 2009 248 2053 rem
271 2009 352 2070 esse,
377 1986 434 2051 sed
457 1992 596 2072 poetam,
615 1988 685 2072 jam
708 2008 805 2072 supra
826 1988 974 2052 vidimus.
1020 1988 1060 2054 cb
1082 2009 1115 2072 p.
1140 1988 1191 2053 10.

86 2178 88 2182 ,
178 2132 208 2174 v.
234 2109 312 2173 140:

303 2212 485 2297 jucundum
508 2218 540 2276 et
563 2235 671 2279 earnm
694 2215 812 2281 sterilis
836 2215 913 2281 facit
934 2236 1016 2280 uxor
1039 2196 1184 2297 amicum,

180 2333 294 2398 ecdem
320 2335 388 2399 fere
413 2336 527 2401 habitu
550 2342 614 2420 est,
641 2359 702 2423 quo
724 2338 817 2402 huius
842 2338 960 2402 satirae
983 2358 1013 2402 v.
1036 2338 1096 2420 66;
1126 2335 1207 2419 VII,
1238 2337 1313 2421 1453

181 2437 286 2518 154²).

178 2559 299 2641 Verba,
322 2581 405 2642 quae
428 2560 505 2625 facit
519 2561 617 2627 Ribb.
640 2560 779 2644 (pilo)
803 2562 842 2626 de
863 2563 1008 2628 versibus
1027 2564 1209 2630 160-1652

264 2685 300 2744 tu
321 2681 382 2745 tibi
403 2682 487 2746 liber
509 2682 603 2746 homo
627 2688 659 2746 et
681 2684 766 2766 regis
789 2683 925 2748 conviva
946 2684 1079 2748 videris:

266 2790 393 2868 captum
415 2791 447 2849 te
470 2786 583 2850 nidore
606 2807 684 2851 suae
707 2793 799 2871 putat
822 2788 879 2851 ille
904 2789 1029 2852 culinae

263 2909 323 2952 nec
346 2890 430 2953 male
455 2890 629 2974 conjectat;
653 2893 724 2976 quis
748 2893 833 2955 enim
856 2897 922 2956 tam
944 2891 1059 2973 nudus,
1082 2891 1233 2956 utillum

262 2993 312 3058 bis
335 2994 428 3076 ferat,
450 2994 621 3059 Etruscum
643 3015 744 3080 puero
768 2996 794 3059 si
818 2996 952 3078 contigit
974 3017 1086 3060 aurum

261 3098 315 3161 vel
337 3098 440 3170 nodus
464 3103 589 3162 tantum
612 3105 645 3163 et
667 3100 794 3183 signum
817 3099 856 3163 de
879 3120 1022 3184 paupere
1045 3101 1136 3165 loro?

177 3237 235 3280 nos
264 3239 328 3282 non
360 3220 544 3304 intelligere
574 3220 712 3302 ingenue
741 3221 937 3287 eonfitemur.
982 3223 1176 3288 Rectissime
1200 3222 1240 3286 de
1262 3222 1313 3286 his

176 3321 323 3386 versibus
342 3323 467 3406 judicat
488 3325 527 3388 B.
551 3325 634 3407 Lup.
658 3324 680 3386 l.
703 3345 729 3387 c.
752 3346 784 3409 p.
807 3323 859 3389 32.

278 3441 389 3508 Verba
415 3451 466 3524 „et
487 3444 644 3528 signnm“‚
673 3465 755 3530 quae
777 3466 889 3510 versus
913 3447 1066 3532 explendi
1090 3469 1187 3512 causa
1208 3448 1313 3532 posita

176 3566 248 3610 esse
270 3547 367 3611 Ribb.
391 3548 577 3633 arbitratur,
612 3550 808 3614 antecedens
831 3551 1068 3616 substantivum
1093 3550 1230 3632 „nedus“
1257 3573 1312 3615 ex·

175 3650 308 3736 plicant.
354 3645 455 3716 Totus
485 3649 623 3718 enimv.
648 3651 709 3720 165
741 3655 774 3717 in
797 3675 907 3718 earnm
929 3657 1180 3740 tautologiamm
1202 3676 1311 3720 nume-

175 3776 244 3818 rurn
278 3753 465 3820 referendus
500 3762 564 3839 est,
600 3779 733 3842 quarum
763 3759 850 3842 prior
872 3761 1040 3825 sententia·
1055 3760 1233 3844 posteriore
1257 3779 1312 3823 ex·

174 3859 313 3942 plicatur
324 3857 359 3938 ³).

278 4115 307 4184 l)
326 4115 358 4170 cl.
376 4113 485 4170 Ernesti
504 4116 569 4172 clav.
589 4118 644 4174 Cic.
664 4135 684 4173 s.
703 4135 726 4173 v.
745 4119 838 4174 civilis.

278 4202 305 4270 2)
323 4200 356 4257 ci.
375 4202 522 4258 Hermanni
540 4203 623 4272 prael.
643 4205 677 4260 ad
696 4209 744 4260 sat.
763 4205 823 4260 Juv.
841 4222 867 4274 p.
885 4205 969 4259 XXII.

277 4291 302 4358 3)
323 4287 355 4344 cf.
373 4290 403 4344 Β.
422 4290 490 4359 Lup.
508 4290 525 4344 l.
544 4307 566 4346 c.
585 4307 610 4360 p.
629 4293 671 4346 22.
706 4291 798 4346 Heinr.
817 4291 833 4346 l.
853 4307 875 4346 c.
893 4308 920 4360 p.
939 4294 998 4348 218.
