3076 4762
647 295 867 362 *15-

295 474 402 552 Quum
426 470 572 550 omnibus
594 470 681 535 illius
706 457 859 555 temporis
875 470 1031 534 Romanis
1046 473 1115 533 tum
1129 473 1245 554 poetae
1262 489 1331 534 sce·

193 581 263 644 lera
285 581 447 644 obscoena
468 577 633 660 utriusque
655 595 752 639 sexus
768 595 833 638 non
850 593 974 638 summa
987 572 1138 638 videntur
1156 593 1237 656 esse,
1261 574 1330 658 qui·

194 685 254 749 bus
277 682 423 746 homines
446 681 609 762 laborant,
640 699 734 763 quam
758 679 874 742 leviter
897 676 937 741 de
959 677 1080 742 talibus
1106 678 1236 760 flagitiis
1258 677 1331 743 dur.

195 786 327 861 sentiat,
361 785 446 850 clare
470 805 487 846 e
510 789 569 847 sat.
592 782 656 865 VI,
691 803 720 846 v,
744 781 787 847 34
809 803 856 865 sq.
881 787 1030 866 apparet,
1064 781 1119 846 ubi
1141 781 1330 846 Postumum

195 889 309 953 melius
332 907 402 951 esse
426 887 534 969 docet,
557 908 629 952 cum
651 887 786 970 pusione
809 885 961 967 dormire,
984 885 1039 967 qui
1062 889 1160 948 noctu
1181 905 1246 948 non
1269 885 1332 949 liti-

196 999 260 1076 get,
282 991 374 1054 nulla
395 991 584 1055 munuscula
606 991 725 1072 exigat,
748 989 830 1070 rell,
853 1009 958 1072 neque
979 989 1084 1053 minus
1108 988 1214 1053 elucet
1230 1009 1249 1052 e
1264 993 1333 1052 tota

195 1095 294 1160 satira
316 1095 375 1176 IX,
398 1096 432 1158 in
455 1115 518 1178 qua
540 1114 604 1158 non
628 1114 698 1156 cum
719 1091 958 1180 indignatione,
981 1091 1039 1156 sed
1057 1092 1171 1175 jocosa
1195 1092 1333 1176 quadam

195 1201 299 1264 ironia
320 1199 501 1263 Naevolum
522 1197 687 1281 pathicum
709 1195 870 1260 describit.
916 1195 982 1260 Sed
1005 1201 1124 1280 quanta
1147 1195 1333 1277 acerbitate,

195 1309 317 1386 quanta
338 1301 562 1384 indignatione
586 1301 620 1364 in
642 1321 697 1365 eos
725 1301 903 1382 invehitur,
927 1301 982 1383 qui
1011 1299 1182 1362 honestate
1213 1298 1333 1363 ordinis

197 1407 245 1470 sui
276 1406 391 1470 relicta
423 1405 457 1468 in
492 1424 622 1468 arenam
655 1403 856 1468 descendunt
884 1409 917 1467 et
948 1404 1016 1467 sive
1045 1402 1242 1486 gladiatores
1266 1405 1332 1468 sire

195 1509 370 1573 histriones
393 1527 465 1571 sese
487 1508 699 1592 prostituunt!
734 1509 774 1571 cf.
797 1507 896 1588 VIII,
930 1506 991 1572 183
1020 1528 1079 1589 ss.;
1110 1507 1174 1572 224
1197 1527 1239 1571 ss.
1283 1507 1336 1571 Ex

35 1587 40 1600 ⁸
70 1677 78 1694 ‚
197 1612 313 1696 quibus
336 1611 432 1674 rebus
454 1612 612 1694 sequitur,
645 1632 756 1676 versus
782 1611 950 1676 143-148
979 1611 1012 1674 in
1035 1610 1096 1674 hac
1119 1611 1235 1693 satira,
1271 1632 1334 1695 qua

196 1715 319 1796 flagitia
340 1715 478 1778 virorum
492 1715 710 1780 Romanorum
733 1715 892 1798 gradatim
914 1715 1182 1800 perstringuntur,
1206 1716 1333 1779 omnino

198 1819 302 1882 locum
324 1819 444 1882 habere
474 1838 580 1903 posse.
624 1820 801 1883 Praeterea
834 1818 1038 1883 momendum
1071 1824 1137 1901 est,
1170 1825 1241 1883 tcta
1273 1819 1334 1884 hae

198 1923 296 1986 satira
318 1923 445 1986 nobiles
467 1927 592 1986 tantum
613 1923 698 1986 viros
720 1945 741 1987 a
762 1929 861 2007 poeta
883 1923 1043 2006 castigari,
1068 1924 1122 2007 qui
1144 1944 1208 1987 non
1231 1924 1335 1986 solum

198 2027 325 2091 libidini
348 2045 550 2107 summopere
574 2025 759 2091 detestabili
782 2026 884 2090 dediti
899 2028 973 2109 sint,
996 2025 1054 2089 sed
1070 2028 1178 2109 etiam,
1201 2027 1234 2090 id
1251 2027 1335 2111 quod

197 2130 345 2195 omnibus
367 2129 521 2194 Romanis
551 2151 674 2194 summo
707 2130 858 2195 dedecori
886 2132 945 2213 sit,
980 2130 1100 2194 ordinis
1131 2132 1335 2195 honestatem

198 2232 378 2317 negligant.

300 2337 398 2402 Dicat
419 2338 588 2422 quispiam,
611 2338 773 2402 hominem
796 2338 937 2402 nobilem
953 2337 1143 2421 gladiatoris
1158 2339 1228 2402 vice
1245 2339 1335 2422 fungi

197 2439 364 2505 Juvenalis
387 2447 531 2526 tempore
553 2463 618 2506 non
640 2463 759 2507 novum
782 2443 891 2525 fuisse,
915 2463 1011 2526 quum
1025 2443 1099 2525 ¹jam
1116 2443 1255 2507 caesare
1272 2442 1335 2507 dic-

197 2549 319 2627 tatore,
353 2544 470 2610 deinde
493 2547 640 2629 Augusto
673 2553 849 2630 regnante,
882 2547 1072 2630 praesertim
1099 2567 1175 2610 vero
1205 2546 1335 2610 Nerone

198 2647 390 2729 imperatore
414 2653 589 2730 senatores,
612 2651 736 2733 equites
758 2652 827 2714 sive
842 2649 991 2714 conducti
1014 2650 1068 2730 (cf.
1083 2648 1175 2733 VHI,
1200 2652 1262 2716 192
1279 2650 1335 2730 ss.)

199 2750 266 2814 sive
290 2751 391 2814 coacti
413 2753 461 2815 rei
482 2751 695 2835 gladiatoriae
719 2775 849 2839 operam
872 2753 1020 2818 dederint
1032 2751 1066 2833 ¹).
1093 2755 1252 2818 Nimirum
1274 2755 1335 2818 hoc

197 2854 310 2937 negari
332 2875 397 2919 non
420 2861 544 2939 potest;
567 2857 695 2922 sedeur
711 2878 842 2942 quaeso,
864 2857 937 2923 Juv.
952 2858 1234 2922 vehementissime
1251 2859 1335 2922 hunc

199 2978 335 3042 pravum
371 2978 494 3024 morem
530 2961 695 3027 hominum
728 2962 884 3026 nobilium
918 2982 1049 3045 carpere
1080 2961 1186 3024 solet?
1231 2962 1335 3037 Quem

198 3068 284 3127 certe
307 3064 431 3127 minore
455 3085 526 3128 cum
555 3066 777 3150 indignatione
809 3065 1048 3150 descripsisset,
1081 3065 1144 3129 nisi
1176 3086 1335 3130 summum

69 3154 72 3158 ’
198 3164 337 3232 dedecus
361 3188 434 3232 eum
455 3174 611 3253 putasset.
655 3170 710 3251 (cf.
733 3171 825 3254 VIII,
853 3170 913 3236 199
935 3169 991 3250 ss.)

302 3271 477 3356 Comparat
505 3273 602 3337 Ribb.
631 3273 692 3337 lios
721 3292 833 3338 versus
863 3291 935 3339 cum
967 3296 997 3339 v.
1020 3273 1118 3357 VIII,
1155 3275 1243 3340 199-
1261 3275 1334 3339 210.

198 3363 285 3437 Sane
307 3377 421 3440 mirum
443 3377 477 3440 in
499 3377 629 3442 modum
651 3377 686 3441 hi
709 3378 771 3442 loci
793 3399 829 3442 re
853 3384 885 3443 et
900 3379 1007 3443 verbis
1023 3379 1162 3442 similem
1176 3378 1335 3463 praebent

198 3476 361 3561 habitum;
395 3480 452 3544 sed
484 3488 612 3566 poetam
642 3483 770 3568 saepius
798 3481 841 3546 ad
870 3484 1012 3567 priorum
1041 3484 1212 3548 satirarum
1246 3470 1334 3547 locos

198 3583 372 3665 respicere,
395 3583 490 3649 facile
514 3605 698 3670 cognoscas,
721 3587 749 3650 si
771 3606 955 3670 compares:

301 3685 327 3767 I,
350 3686 407 3752 33:
430 3694 503 3770 post
526 3689 610 3754 hunc
631 3691 741 3774 magni
764 3689 890 3756 delator
912 3691 1006 3756 amici

197 3807 270 3850 cum
291 3787 351 3870 IlI,
380 3790 459 3855 116:

374 3894 500 3959 Stoicus
523 3897 640 3962 occidit
661 3899 818 3982 Baream,
842 3899 968 3965 delator
991 3902 1138 3966 amicum.

162 3939 170 3954 =
195 3993 237 4078 V,
263 3994 323 4061 147
346 4018 414 4082 sq.:

299 4101 357 4165 sed
380 4103 493 4186 quales
517 4103 671 4170 Claudius
695 4107 763 4171 edit
839 4191 841 4198 Ι

298 4210 374 4270 ante
397 4207 490 4272 illum
512 4209 632 4292 uxoris,
654 4215 728 4295 post
751 4231 847 4295 quem
869 4213 950 4276 nibil
974 4212 1112 4298 amplius
1135 4213 1212 4297 edit,

196 4355 400 4372 Μ

300 4427 323 4495 1)
342 4427 374 4482 cf.
393 4429 486 4486 Heinr.
504 4430 522 4485 l.
541 4447 565 4486 c.
584 4446 611 4498 p.
632 4432 688 4484 118.
