3076 4762
602 292 819 364 ...ζ-31..

148 488 264 564 labren
285 484 330 556 im
351 477 479 553 Atrium
501 479 694 560 Aemiliani,
726 473 831 555 Ourii,
862 461 958 528 einen
981 462 1156 547 Corvinus,
1188 461 1283 530 einen

149 600 257 668 Galba
289 593 357 660 und
378 576 496 674 Lepidi
527 584 702 649 aufwsisen
735 583 808 648 soll.
854 584 920 650 Sed
944 579 994 646 vir
1021 581 1151 642 secutus
1181 582 1283 641 totam

148 705 234 768 hanc
255 697 388 764 satiram
409 698 550 758 autnon
572 687 736 752 intellexit
766 693 821 751 aut
849 687 1032 769 intelligere
1055 681 1169 744 noluit.
1212 679 1285 744 Etsi

150 807 237 872 enim
251 807 347 888 poeta
360 819 391 862 u.
410 799 425 863 l
441 794 613 861 Ponticum
629 790 814 873 alloquitur,
838 789 884 855 ita
898 795 934 854 ut
949 789 1031 853 haec
1046 787 1144 850 satira
1167 784 1285 868 episto·

150 909 203 973 lae
219 906 353 972 formam
368 900 410 966 ad
421 901 575 984 juvenem
589 896 683 959 illum
697 893 841 958 nobilem
855 895 973 959 missae
988 890 1154 977 praebeat,
1176 893 1286 952 tamen

151 1033 215 1078 non
237 1013 345 1096 potest
367 1004 524 1085 concludi,
548 999 590 1065 ad
613 999 716 1063 solum
738 996 909 1062 Ponticum
932 1017 1003 1063 earn
1026 1015 1096 1060 esse
1120 994 1286 1080 scriptam3

151 1119 246 1182 immo
268 1134 299 1177 u.
322 1113 363 1178 26
388 1107 594 1176 Gaetulicum
617 1123 753 1187 quoque,
776 1122 796 1165 v
819 1102 862 1167 39
882 1100 1093 1166 Rubbellium
1114 1097 1286 1181 Blandum,

150 1241 180 1284 v.
206 1218 269 1284 185
290 1213 526 1297 Damasippum
548 1213 645 1292 poeta
668 1207 823 1291 appellat.

256 1338 419 1424 Sequitur,
443 1353 552 1397 omnes
576 1331 716 1414 ingenuo
732 1328 803 1391 loco
820 1326 957 1409 genitos,
982 1325 1036 1411 qui
1051 1345 1170 1410 genere
1186 1324 1288 1389 nobili

153 1443 344 1528 glorientur,
372 1439 435 1511 hac
457 1436 557 1501 satira
579 1431 762 1518 perstringi.
807 1429 914 1505 Quare
938 1428 1089 1520 opinione
1112 1449 1170 1492 sua
1191 1429 1288 1494 Ribb.

152 1549 223 1634 ipse
246 1545 308 1610 sibi
331 1561 485 1607 summam
513 1540 605 1603 illam
634 1536 858 1601 difficultatem
886 1534 1021 1618 paravit.
1067 1533 1163 1598 Certe
1193 1534 1290 1598 aliter

149 1651 338 1734 judicasset,
361 1647 388 1710 si
410 1647 444 1710 in
460 1649 682 1728 argumentum
697 1640 790 1704 huius
806 1638 925 1702 satiras
941 1637 1070 1721 penitus
1086 1638 1290 1703 insinuasset.

152 1755 330 1819 Praeterea
358 1751 440 1814 haec
468 1750 568 1813 series
597 1745 761 1809 nominum
789 1741 992 1825 propriorum
1020 1740 1101 1805 adeo
1123 1741 1290 1806 luvenalis

155 1857 287 1922 dictioni
308 1854 501 1940 respondet,
531 1857 568 1916 ut
589 1851 647 1932 iis,
678 1866 761 1933 quae
784 1866 881 1929 supra
904 1843 1060 1928 diximus,
1093 1846 1175 1910 nihil
1197 1846 1290 1911 nobis

156 1959 339 2026 addendum
362 1959 414 2022 sit.

258 2102 288 2144 v.
312 2079 355 2145 54
377 2100 443 2164 sq:

242 2202 332 2267 nullo
357 2200 475 2286 quippe
498 2198 563 2263 alio
586 2200 687 2263 vincis
711 2201 904 2289 discrimine,
928 2223 1024 2292 quam
1048 2197 1133 2287 quod

243 2307 292 2370 illi
314 2324 529 2369 marmoreum
552 2308 647 2389 caput
670 2310 729 2388 est,
753 2312 809 2372 tua
832 2310 910 2374 vivit
931 2311 1048 2394 imago,

156 2466 211 2510 cur
231 2443 329 2510 Ribb.
352 2444 385 2508 l.'
398 2464 424 2508 c.
445 2462 477 2527 p.
496 2443 556 2508 131
580 2442 791 2528 interpolatos
814 2447 944 2526 habeat,
968 2465 1097 2512 causam
1119 2462 1184 2508 non
1206 2439 1294 2506 vide·

156 2570 236 2612 mus.
278 2548 439 2612 Triviales
461 2566 516 2610 eos
540 2566 629 2629 esse,
652 2554 688 2612 ut
709 2549 807 2615 Ribb.
831 2556 958 2634 censet,
982 2549 1111 2616 omnino
1133 2567 1197 2611 non
1221 2566 1294 2610 con·

158 2650 339 2715 cedendum
362 2655 428 2731 est,
462 2653 509 2731 et,
542 2654 578 2713 ut
601 2651 682 2733 sint,
715 2658 824 2718 tamen
846 2655 1000 2721 Juvenali
1028 2674 1093 2718 non
1116 2649 1294 2734 abrogandi

158 2758 241 2818 sunt.
270 2753 371 2819 Heus
387 2773 484 2818 unser
498 2751 645 2835 Dichter,
667 2755 771 2841 inquit
785 2757 894 2841 Ribb.,
918 2759 992 2823 dem
1007 2757 1163 2841 geringcn
1177 2754 1295 2819 Uuter·

158 2857 269 2923 schied
291 2857 450 2934 zwischen
471 2857 613 2922 Marmor
636 2858 702 2923 und
726 2861 831 2926 einem
861 2861 1057 2945 lebendigen
1078 2860 1177 2925 Klotz
1200 2858 1296 2923 einen

156 2962 340 3028 besondem
363 2960 536 3026 Ausdruck
558 2962 665 3046 geben
686 2962 822 3048 wellen,
847 2987 881 3030 so
903 2965 1036 3030 wiirden
1057 2965 1116 3028 wir
1137 2967 1217 3028 statt
1240 2960 1296 3026 der

157 3067 290 3132 Worte:
328 3073 403 3149 ,tua
424 3064 504 3129 vivit
526 3065 650 3149 imag0“
686 3072 786 3132 etwas
813 3068 1110 3151 Schneidenderes,
1138 3065 1296 3131 Verticht·

159 3169 295 3236 licheres
318 3171 420 3236 lesen.
452 3168 538 3246 Quid
560 3170 663 3252 magis
686 3171 794 3236 acerbi
815 3172 912 3238 Ribb.
936 3171 1182 3258 exspectaverit,
1205 3169 1298 3234 nobis

160 3292 225 3336 non
247 3274 363 3359 liquet,
393 3274 521 3340 videtur
543 3293 641 3358 quum
663 3274 745 3339 alias
767 3282 836 3340 tum
858 3277 920 3342 hoc
942 3278 1013 3343 loco
1037 3296 1167 3341 causam
1188 3293 1298 3337 versus

160 3376 311 3460 ejiciendi
333 3379 540 3461 quaesivisse.
567 3377 730 3453 Quantam
752 3378 839 3444 enim
861 3382 1071 3447 acerbitatem
1093 3378 1200 3445 verbis
1226 3382 1300 3458 ,tua

160 3480 239 3544 vivit
271 3479 396 3563 imago“
433 3483 540 3547 inesse
573 3481 779 3548 arbitramur!
825 3482 906 3548 Oum
933 3485 1036 3549 ironia
1060 3483 1199 3567 quadam
1222 3467 1299 3546 di'cit

160 3588 273 3666 poeta:
297 3587 354 3646 tua
375 3583 454 3649 vivit
476 3586 595 3670 imago,
617 3586 639 3650 i.
655 3606 684 3650 e.
700 3591 736 3650 tu
750 3586 860 3670 viris,“
888 3588 979 3673 quasi
1002 3587 1098 3670 dieat,
1121 3589 1213 3652 illum
1235 3606 1299 3650 non

160 3692 228 3750 tam
250 3687 414 3752 hominem
436 3707 526 3771 esse,
558 3709 655 3774 quam
684 3691 847 3756 viventem
877 3691 1040 3776 quandam
1070 3696 1103 3756 et
1126 3691 1301 3756 animatam

161 3795 312 3856 statuam.

264 3911 387 3977 Versus
414 3913 585 3979 111-126
615 3917 713 4000 plane
745 3937 787 3981 ex
816 3918 983 3981 voluntate
1006 3935 1066 3980 sua
1087 3913 1302 3980 Ribbeckium

160 4013 199 4095 (l.
223 4037 304 4101 c.·p.
327 4016 369 4083 98
392 4016 449 4097 ss.)
478 4018 532 4082 vel
561 4019 749 4104 scriptorem
777 4022 850 4085 miri
878 4020 965 4084 illius
989 4019 1184 4104 exemplaris
1207 4018 1304 4083 June*

162 4120 232 4185 nali
260 4121 434 4205 abrogare,
468 4122 646 4188 rectissime
669 4125 708 4188 B.
730 4125 813 4211 Imp.
837 4126 858 4189 l.
883 4147 909 4190 c.
938 4146 970 4210 p.
994 4124 1036 4190 36
1059 4122 1217 4205 ostendit,
1250 4123 1305 4207 qui

163 4224 208 4288 sio
230 4223 271 4288 dc
293 4225 344 4290 his
366 4226 512 4291 versibus
536 4226 704 4292 disseruit:
739 4228 823 4308 ,Our
844 4229 941 4294 Ribb.
964 4233 1056 4293 tanto
1079 4247 1211 4291 numero
1233 4246 1305 4291 ver·

163 4349 255 4394 suum
276 4351 307 4394 v.
330 4330 482 4396 98-110
503 4331 623 4397 addere
653 4353 718 4396 non
745 4332 839 4396 vulti
873 4333 902 4398 si
929 4333 1058 4397 omnino
1088 4331 1304 4416 digressiones

162 4432 326 4499 tollendas
349 4455 420 4500 esse
444 4456 591 4520 censeas,
614 4441 710 4518 totas,
733 4456 797 4501 non
820 4442 977 4522 exparte
999 4433 1125 4502 tollas.¹‘
