3076 4762
622 285 841 356 229.-

168 467 390 554 v1,5asq.:
428 462 514 532 vivat
535 498 578 512 -
599 465 681 531 vixit
702 499 746 512 ·-
767 465 865 530 11111.
913 459 974 528 146
997 479 1061 547 sq.:
1099 458 1217 527 1111-
1239 463 1302 532 cxi.

171 577 230 643 157
255 597 319 660 sq.:
344 573 433 638 dedit
455 607 497 617 -
519 571 617 636 dedit.
655 569 719 635 232
741 588 807 652 sq.:
830 567 925 632 docet
946 601 989 612 -
1010 565 1113 632 docet.
1150 567 1214 632 352
1237 591 1301 654 sq.:

170 679 320 746 conducit
342 711 384 723 -
407 675 564 742 conducit.
608 674 672 740 483
695 689 757 758 sq.:
791 671 897 737 caedit
919 705 962 717 ·-
985 671 1099 736 caedit.
1141 672 1302 756 VII,10:

169 783 356 850 11111111-
378 779 497 844 vendit.
535 779 591 844 90:
615 776 759 842 dant-
781 777 880 841 dabit.
920 776 994 840 104:
1018 774 1108 841 dabit
1131 811 1171 851 ,-
1195 777 1303 844 daret:

174 888 235 954 135
264 907 324 970 sq.:
361 883 473 948 vendit
501 916 545 928 -
572 881 725 948 vendunt.
772 879 833 944 143
861 900 924 964 sq.:
963 879 1081 964 agebat
1107 915 1149 926 -
1175 882 1304 965 agebat.

174 992 235 1058 184
257 1011 319 1074 sq.:
342 989 451 1052 veniet
473 1021 515 1032 -
536 986 656 1048 veniet.
702 985 763 1049 197
787 1005 848 1069 sq.:
879 985 1033 1048 volet-
1054 983 1110 1048 fias
1133 985 1196 1066 (bis
1218 988 1303 1076 posi-

172 1093 261 1176 tum).
296 1093 373 1158 223:
397 1091 573 1156 sedisti-
596 1087 732 1152 sederet.
759 1087 832 1168 233,
855 1085 890 1150 5:
914 1086 1064 1151 dicat-
1086 1088 1180 1155 dicat.
1212 1090 1305 1174 VIII,

171 1199 231 1262 70:
265 1197 441 1261 damus-
465 1192 621 1258 dedimus.
666 1191 707 1256 88
738 1212 799 1275 sq.:
834 1211 918 1276 pone
942 1200 984 1236 -'-
1005 1213 1100 1278 pone.
1146 1194 1207 1259 192
1236 1216 1302 1280 sq.:

171 1301 313 1367 vendant
336 1336 379 1346 —
400 1297 553 1363 rendunt.
597 1295 656 1377 IX,
682 1294 721 1359 18
744 1315 808 1380 sq.:
843 1294 1024 1379 deprendas
1046 1332 1089 1342 —
1111 1297 1303 1383 deprendas.

171 1407 229 1488 XI,
255 1405 330 1471 148:
354 1422 466 1488 posces
489 1437 530 1446 -
552 1421 659 1486 posce.
686 1399 745 1464 191
766 1420 829 1483 sq.:
852 1420 1002 1484 pone-
1024 1422 1118 1486 pone.
1143 1404 1303 1488 Sequitur,

172 1531 213 1574 ex
236 1509 351 1574 eodem
372 1506 471 1571 verbo
494 1506 649 1590 repetito,
684 1525 745 1589 quo
776 1524 887 1568 versus
916 1505 1016 1590 aliqui
1046 1506 1208 1590 conspicui
1231 1509 1323 1591 sint,

170 1613 295 1677 nullam
319 1630 446 1676 causam
469 1610 550 1674 sumi
572 1629 678 1694 posse,
701 1629 756 1673 cur
770 1608 922 1674 Juvenali
945 1608 1149 1692 abrogentur.
1173 1611 1303 1676 Certum

172 1722 281 1780 autem
303 1713 425 1799 aliquid
448 1713 489 1778 de
512 1715 572 1778 hoc
594 1734 689 1777 versu
707 1718 849 1776 statuere
866 1711 995 1778 difficile
1012 1720 1070 1794 est,
1093 1735 1192 1798 quare
1207 1736 1304 1780 unam

172 1819 225 1883 vel
248 1820 383 1883 alteram
406 1818 638 1882 sententiarum
661 1815 702 1879 de
725 1835 763 1878 eo
786 1814 993 1897 probatarum
1008 1815 1129 1899 eligere
1145 1819 1302 1886 nolumus.

257 1922 332 1990 Jam
354 1942 429 1985 vero
454 1925 657 2004 argumenta,
692 1919 805 2003 quibus
827 1919 924 1984 Ribb.
948 1921 970 1984 1.
994 1941 1020 1984 1.
1043 1941 1073 2005 p.
1099 1921 1161 1986 130
1183 1922 1224 1986 ad
1247 1925 1304 2008 eji-

172 2027 303 2093 ciendos
325 2045 436 2088 versus
458 2025 499 2090 88
522 2043 583 2108 sq.:

327 2128 385 2192 ills
408 2133 441 2193 et
461 2128 586 2192 militae
608 2127 718 2192 multis
741 2127 875 2210 largitus
897 2127 1052 2191 honorem

173 2302 174 2308 .
327 2233 496 2296 semenstri
520 2231 636 2315 digitos
659 2237 769 2295 vatum
793 2231 991 2314 circumligat
1014 2251 1101 2314 auro,

170 2336 334 2420 innititur,
368 2338 470 2422 primo
501 2331 673 2420 cons'peotu
700 2335 842 2398 animum
864 2339 1009 2398 nostrum
1030 2336 1235 2420 perturbasse
1258 2339 1306 2404 in-

170 2461 275 2525 genue
292 2441 486 2506 confitemur.
509 2441 566 2507 Sin
589 2446 697 2506 autem
719 2439 894 2506 1.88-92
916 2439 1095 2503 accuratius
1118 2443 1305 2527 perlegeris,

171 2546 504 2626 111111111111111,1.
528 2545 569 2611 88
593 2565 634 2607 ss.
659 2542 795 2607 eandem
818 2541 885 2606 fere
908 2543 1102 2607 sententiam
1125 2544 1246 2611 habere
1269 2569 1306 2614 ac

171 2668 201 2711 v.
217 2647 270 2713 92.
293 2648 345 2712 Ex
367 2653 503 2733 utroque
525 2648 624 2731 igitur
646 2648 717 2710 loco
739 2651 832 2711 vetus
856 2646 1030 2710 scholiasta
1052 2667 1182 2713 causam
1205 2652 1306 2736 exilii,

172 2752 206 2816 in
229 2751 315 2836 quod
337 2758 434 2839 poeta
455 2752 570 2816 missus
595 2755 652 2832 ast,
675 2750 821 2814 derivare
844 2750 966 2834 potuit3
991 2772 1045 2814 our
1060 2771 1132 2817 eam
1149 2774 1189 2818 ex
1211 2775 1307 2821 versu

172 2856 223 2939 92,
247 2877 310 2921 non
335 2877 377 2920 ex
398 2856 543 2921 versibus
567 2857 693 2922 88-91
718 2856 898 2941 sumpserit,
921 2856 1070 2938 cognosci
1092 2860 1213 2941 nequit.
1244 2861 1307 2926 Ta·

171 2961 249 3025 lium
273 2965 381 3026 autem
403 2959 559 3043 locorum,
583 2961 637 3045 qui
660 2957 796 3023 eandem
819 2959 1013 3023 sententiam
1036 2960 1207 3045 exhibent,
1231 2985 1307 3050 quo·

174 3066 280 3130 minus
305 3066 441 3130 alterum
463 3063 614 3130 quenali
641 3063 833 3144 auferamus,
864 3062 932 3125 lata
955 3083 992 3126 ao
1014 3062 1132 3128 diffusa
1155 3065 1224 3148 ejus
1247 3068 1311 3133 dio·

172 3168 260 3232 tione
283 3170 411 3234 omnino
435 3166 637 3252 impedimur.
683 3167 722 3230 of.
744 3167 804 3230 ΙΠ.
828 3165 870 3230 26
893 3187 953 3249 11.;
975 3165 1051 3249 VII,
1073 3166 1116 3233 53
1138 3190 1180 3232 ss.

277 3272 427 3338 (laterum
449 3273 604 3338 miramur
624 3270 915 3355 interpunctionem
936 3270 1125 3355 Ribbeckii‚
1159 3274 1212 3357 qui
1236 3281 1309 3359 post

174 3375 381 3455 ,111111111111ιι
401 3397 524 3441 comma
538 3375 663 3460 posuit,
688 3395 823 3460 quocum
847 3375 932 3438 eninr
955 3373 1154 3440 substantivo
1178 3379 1238 3442 hoc
1254 3379 1308 3443 ad·

168 3477 325 3561 jectivum
345 3481 538 3564 conjungere
554 3480 644 3562 velit,
667 3478 759 3544 nobis
776 3500 840 3542 non
859 3479 971 3563 liquet.
999 3480 1212 3560 ,semenstri‘
1233 3483 1307 3566 jun-

173 3581 313 3665 gendum
329 3588 379 3648 est
394 3604 465 3647 cum
484 3583 613 3668 ,auro;“
639 3585 686 3649 ita
700 3606 730 3648 v.
746 3584 789 3649 89
810 3604 875 3647 non
890 3583 1103 3648 videturesse
1119 3605 1309 3671 supervaca-

172 3706 263 3769 neus,
278 3691 314 3750 ut
324 3687 422 3752 Ribb.
434 3688 514 3770 vult,
530 3689 587 3753 sed
599 3689 850 3773 explicationem
866 3689 1071 3754 antecedenti
1085 3691 1191 3754 versui
1208 3690 1308 3756 addit.

171 3812 201 3854 v.
228 3791 304 3857 138:

309 3893 386 3958 'sed
407 3893 504 3959 finem
526 3895 692 3979 impensae
713 3918 779 3962 non
796 3903 909 3963 servat
931 3896 1066 3982 prodiga
1087 3897 1200 3982 Roma,

174 4017 268 4082 quem
282 3997 396 4064 Heinr.
420 3998 499 4079 (1.1.
523 3987 554 4084 p.
578 3999 665 4083 301),
687 4001 785 4066 Ribb.
809 4002 845 4083 (l.
869 4024 895 4066 o.
918 4023 950 4086 p.
975 3998 1061 4084 131),
1075 4001 1213 4069 Iahnius
1236 4025 1310 4090 spu·

173 4103 255 4166 rium
282 4124 353 4168 csse
385 4109 531 4187 censent,
565 4103 604 4169 Β.
626 4107 709 4190 Lup.
744 4111 853 4170 autern
881 4106 917 4186 (l.
941 4127 968 4170 o.
990 4127 1022 4192 p.
1045 4106 1101 4187 31)
1135 4107 1310 4175 defendere

173 4206 311 4290 studuit,
344 4209 473 4273 omnino
503 4208 707 4274 retinendum
737 4229 808 4274 esse
839 4207 1030 4292 judicamus.
1075 4210 1196 4276 Versus
1225 4214 1310 4278 enim

176 4309 342 4376 135-137
375 4318 408 4378 11
434 4333 465 4378 r.
492 4314 553 4380 139
583 4314 742 4378 artissime
773 4312 945 4377 cohaerere
966 4313 1148 4379 Ribbeckio
1171 4315 1311 4381 libenter

174 4415 392 4500 concedimus,
426 4413 483 4482 sed
506 4439 603 4484 versu
628 4418 688 4484 138
712 4423 897 4482 contextum
919 4418 1017 4483 totius
1040 4419 1104 4484 loci
1124 4418 1311 4486 foedissime
