3076 4762
647 317 861 391 ...47...

294 492 469 566 Ribbeakii
490 497 588 582 igitur
610 502 712 562 artem
734 497 878 562 criticam
900 497 927 562 si
942 492 1233 583 comprehendaris,
1255 515 1326 585 per·

192 626 322 670 suasum
343 603 489 686 habebis,
512 623 623 666 causas
645 621 755 666 versus
779 601 944 685 ejiciendi,
968 622 1101 685 quorum
1122 601 1201 667 fides
1224 604 1325 689 primo

193 713 327 794 aspectu
349 707 379 770 ei
402 727 465 770 non
488 706 567 770 satis
583 711 671 770 certa
685 704 863 784 videbatur,
888 727 961 770 eum
983 727 1214 792 saepenumero
1230 728 1327 792 quae-

192 813 306 877 sivisse
321 816 455 891 tantum‚
473 829 569 892 quum
584 813 640 874 aut
654 829 765 873 versus
782 808 937 892 quosdam
953 830 1125 895 eorumque
1142 816 1326 875 contextum

192 917 226 980 in
249 916 348 981 risum
375 919 501 978 vertere
530 912 688 994 studeret,
722 918 778 976 aut
811 911 1033 996 difficultatem
1068 914 1183 998 quibus
1216 934 1326 979 versus

194 1019 294 1104 aliqui
308 1018 467 1099 laborant,
489 1017 652 1100 explicare
667 1015 781 1098 nollet,
803 1017 958 1101 imprimis
979 1021 1086 1080 autem
1101 1037 1199 1101 quum
1215 1037 1325 1082 omnes

193 1143 317 1204 versus,
352 1120 405 1205 qui
426 1120 601 1202 Iuvenale,
635 1120 765 1204 qualem
787 1120 857 1205 ipse
880 1120 941 1184 sibi
962 1119 1071 1203 finxit,
1094 1119 1218 1204 indigni
1239 1120 1327 1184 vide·

192 1227 327 1308 bantur,
361 1225 389 1288 ei
413 1224 593 1307 abrogaret.
639 1223 704 1288 Sed
734 1225 794 1288 tali
812 1223 979 1308 judicandi
1002 1225 1125 1289 ratione
1148 1243 1242 1289 nemo
1266 1229 1325 1306 est,

110 1411 113 1418 ι
193 1329 248 1412 qui
269 1328 436 1394 Iuvenalis
462 1346 572 1390 versus
601 1327 780 1391 metiendos
808 1348 878 1392 esse
901 1328 1084 1394 arbitretur.
1129 1329 1234 1404 Quare
1258 1349 1327 1392 ver·

193 1431 279 1494 sibus
294 1430 336 1512 V,
359 1430 414 1512 91;
437 1429 512 1512 VII,
537 1430 592 1512 153
615 1429 706 1513 VIII,
730 1431 748 1495 7
758 1454 765 1514 ;
791 1432 852 1496 111
868 1453 931 1517 sq.;
957 1433 1033 1515 1243
1056 1433 1114 1515 IX,
1139 1433 1324 1516 rae-1233

191 1533 250 1616 XI,
275 1533 337 1597 165
359 1553 417 1617 sq,
440 1534 585 1618 exeeptis
607 1539 717 1599 nostra
740 1534 868 1618 quidem
891 1537 1053 1601 sententia
1074 1536 1182 1600 nullus
1205 1556 1325 1619 versus,

192 1654 288 1719 quem
308 1635 507 1701 Ribbeekius
530 1657 548 1702 e
571 1643 663 1702 textu
684 1640 829 1722 removit,
852 1641 977 1725 spurius
1001 1645 1050 1705 est
1073 1639 1261 1704 censendus.
