3076 4762
638 315 853 384 ..13-

179 492 377 575 tautologiae
399 491 531 556 liberari
553 512 618 557 non
641 511 735 576 posse
757 490 937 560 videantur.
975 493 1071 557 Oerte
1094 487 1209 558 eadem
1230 492 1314 578 lege,

182 617 245 679 qua
266 597 326 678 111,
349 593 401 677 34,
424 616 472 680 sq.
494 596 528 658 in
550 615 660 688 eorum
681 617 848 660 numerum
869 596 996 678 retulit,
1032 585 1146 681 quibus
1168 598 1315 681 gradatio

183 702 374 777 continetur,
397 701 495 764 etiam
517 700 602 764 hunc
624 719 752 766 versum
773 700 812 763 iis
836 699 995 764 ascribere
1019 699 1169 765 debebat.
1414 746 1421 766 -.

284 804 374 879 Quae
396 803 436 868 R
457 818 552 888 porro
574 802 667 868 dicit:
716 802 810 884 ,dass
838 802 897 868 der
919 804 1051 889 Spiegel
1075 804 1229 887 chaeclr
1258 804 1315 870 des

180 906 408 990 biirgerlichen
429 907 568 991 Krieges
594 907 652 989 ist,
686 907 760 972 thut
790 927 848 991 gar
881 907 987 972 nichts
1018 929 1075 972 aur
1103 908 1223 993 Sache;
1258 909 1315 974 der

181 1011 400 1096 Biirgerkricg
430 1011 588 1076 erfordert
611 1010 693 1074 doch
723 1011 813 1076 nicht
839 1016 1005 1094 strengerc
1028 1012 1150 1094 Sittan,
1182 1012 1230 1076 als
1259 1013 1317 1079 der

181 1115 308 1200 Kampf
325 1116 385 1180 mit
415 1115 630 1198 auswitrtigen
652 1113 830 1198 Feindeu“,
864 1115 960 1180 facile
986 1115 1188 1180 refelluntur.
1232 1117 1317 1182 Nam

182 1218 376 1303 adjectivum
402 1217 540 1300 ,civilis“
568 1219 696 1282 omniuo
712 1239 777 1282 non
793 1237 1074 1303 supervacaneum,
1098 1218 1155 1283 sed
1171 1221 1316 1286 consulto

182 1327 215 1386 et
238 1323 376 1407 cogitate
400 1344 419 1387 a
441 1328 539 1408 poeta
561 1321 762 1386 substantivo
790 1320 904 1402 ,belli“
931 1321 1093 1406 adjectum
1114 1322 1207 1388 nobis
1229 1323 1318 1388 vido·

181 1430 234 1490 tur
261 1447 343 1490 esse.
387 1426 666 1491 Periculosissima
696 1426 782 1489 enim
811 1425 945 1509 imperio
975 1426 1122 1491 Romano
1156 1427 1246 1492 bella
1275 1430 1316 1493 ci·

182 1530 261 1594 vilia
281 1531 422 1612 fuerunt,
446 1551 544 1614 quum
565 1530 599 1593 in
621 1530 660 1593 iis
683 1550 748 1594 non
770 1530 875 1594 solum
897 1534 1047 1612 externa,
1070 1531 1128 1595 sed
1150 1532 1249 1595 etiam
1270 1533 1317 1597 in·

182 1636 276 1696 terna
291 1635 378 1698 salus
393 1639 558 1717 ageretur;
581 1653 657 1696 nam
679 1633 706 1696 si
729 1633 814 1698 cives
838 1631 983 1716 ejusdem
998 1634 1137 1698 civitatis
1160 1633 1319 1700 discordia

183 1736 371 1800 inflammati
393 1737 555 1820 seruntur,
579 1737 691 1800 civitas
715 1742 747 1800 et
769 1736 804 1799 in
826 1756 861 1800 se
884 1736 956 1818 ipsa
979 1739 1096 1802 corruit
1118 1744 1151 1802 et
1172 1739 1318 1804 hostibus

184 1841 326 1904 externis
356 1847 539 1925 promptam
568 1838 779 1924 aggrediendi
806 1838 994 1904 facultatem
1020 1842 1166 1925 praebet.
1211 1843 1318 1918 Quare

186 1944 359 2027 imperator
375 1945 402 2008 si
416 1945 504 2009 bello
521 1945 618 2028 civili,
642 1965 739 2029 quum
755 1945 795 2009 de
812 1947 942 2010 summis
958 1946 1053 2010 rebus
1070 1946 1185 2029 agitur,
1208 1951 1319 2010 tantae

185 2047 327 2132 levitati,
362 2055 473 2113 tantae
508 2049 658 2113 mollitiei
686 2048 847 2132 indulget,
881 2055 917 2113 ut
945 2049 1111 2134 speculum
1134 2050 1219 2114 inter
1240 2050 1321 2115 belli

135 2205 138 2211 Α
184 2158 360 2235 apparatus
383 2173 489 2218 secum
513 2152 625 2235 ducat,
660 2173 697 2217 co
728 2154 830 2236 magis
853 2153 991 2238 posteris
1014 2153 1265 2218 contemnendus
1288 2161 1321 2220 et

184 2273 291 2320 rerum
313 2257 520 2341 scriptoribus
543 2257 743 2322 damnandus
766 2264 824 2322 est.
847 2258 938 2333 ‘Quo
960 2257 1062 2342 magis
1085 2257 1183 2340 igitur
1205 2258 1322 2323 levitas

189 2360 326 2426 Othonis
349 2363 521 2445 conspicua
542 2362 602 2444 sit,
628 2361 769 2444 bellum,
804 2360 890 2446 quod
912 2367 1082 2444 memorat,
1106 2362 1199 2426 civile
1222 2362 1321 2427 fuisse

187 2471 285 2550 poeta
300 2464 385 2530 dicit.
409 2466 511 2531 Totus
526 2466 613 2530 enim
627 2466 681 2530 hic
695 2466 784 2530 locus
799 2487 863 2530 non
887 2487 958 2530 oum
973 2466 1085 2547 ironia,
1107 2470 1143 2529 ut
1158 2465 1196 2529 Β.
1212 2467 1323 2550 Lupus

183 2569 207 2634 l.
231 2591 258 2634 c.
280 2591 312 2654 p.
335 2571 387 2635 27.
417 2574 523 2655 putat,
555 2569 613 2634 sed
635 2591 705 2634 cum
728 2569 951 2654 indignatione
974 2567 1114 2653 quadam
1136 2567 1239 2633 dictus
1263 2575 1323 2667 est,

187 2694 205 2737 e
221 2694 284 2758 qua
300 2694 410 2738 omues
425 2693 499 2738 suas
514 2673 629 2738 satiras
645 2693 812 2738 emanasse
827 2673 995 2740 luvenalis
1010 2693 1040 2737 r.
1055 2673 1081 2754 1,
1098 2671 1139 2738 79
1155 2671 1277 2738 indicat
1285 2669 1321 2757 ¹).

289 2775 438 2862 Reliqua,
461 2797 544 2862 quae
566 2777 680 2842 horum
702 2797 852 2842 versuum
867 2776 1098 2859 ejiciendorum
1114 2796 1210 2842 causa
1224 2776 1321 2841 Ribb.

186 2881 292 2964 affert,
316 2887 506 2966 argumenta
526 2881 619 2965 parvi
641 2887 716 2946 sunt
737 2882 791 2946 vel
814 2880 933 2945 nullius
955 2880 1119 2945 momenti.

185 2986 300 3070 Neque
321 2986 444 3050 minore
464 2985 537 3069 jure
559 2985 722 3050 retinendi
745 3000 819 3048 sunt
840 3006 870 3048 v.
896 2985 956 3049 108
980 3004 1043 3068 sq.:

317 3087 403 3174 quod
426 3108 486 3154 nec
508 3088 542 3153 in
563 3087 698 3172 Assyrio
720 3089 911 3176 pharetrata
933 3087 1118 3154 Semiramis
1141 3087 1229 3169 orbe,
1308 3141 1311 3148 .

315 3198 441 3258 maesta
462 3213 523 3258 nec
543 3191 678 3258 Actiaca
701 3193 778 3258 fecit
801 3192 978 3276 Cleopatra
1000 3191 1119 3256 carina.

290 3295 418 3379 Ribb.²)
464 3297 520 3363 Ich
542 3296 632 3361 kann
661 3296 766 3361 hierin
795 3318 856 3360 nur
879 3296 930 3362 die
954 3297 1002 3362 oft
1023 3295 1237 3361 beobachtetc
1261 3295 1325 3360 Ge·

188 3403 399 3468 lehrsamkeit
421 3422 552 3467 unseres
575 3400 798 3466 Declamators
822 3399 1035 3482 bemmdern,
1065 3400 1156 3464 nicht
1178 3399 1240 3463 den
1263 3399 1325 3465 Stil

187 3507 354 3590 Juvenals,
378 3507 435 3572 der
458 3506 510 3571 die
524 3503 689 3588 Wirkung
703 3503 809 3568 seinos
824 3502 961 3568 Hohnes
983 3503 1064 3568 iiber
1086 3502 1138 3568 die
1153 3502 1325 3568 weibischc

189 3608 347 3676 Eitelkeit
369 3611 458 3676 eines
475 3610 561 3676 Otho
584 3609 673 3673 nicht
694 3607 877 3688 verschernt
891 3607 999 3672 haben
1020 3606 1099 3671 wird
1114 3605 1215 3671 durch
1226 3606 1327 3690 jenen

190 3715 249 3780 auf
278 3717 356 3780 zwei
386 3713 623 3780 erbtrmlichen
656 3710 812 3777 (iliadem
853 3709 1173 3792 einherhinkenden,
1210 3709 1327 3775 htchst

188 3819 422 3902 iiberfliissigeu
454 3818 672 3897 Relativsata,
710 3814 827 3879 dessen
859 3815 1048 3880 historische
1080 3812 1329 3896 Beglaubigung

190 3923 264 3988 dem
285 3923 456 3989 Verfasser
485 3921 568 3986 doch
600 3920 675 3985 sehr
702 3919 825 3984 schwer
848 3919 991 4003 gefellen
1014 3917 1084 3982 sein
1105 3915 1224 3981 wiirde.
1268 3915 1329 3980 Vir

190 4036 312 4112 acutus,
336 4029 363 4092 si
385 4027 448 4093 sibi
471 4031 643 4108 constaret,
666 4025 764 4088 etiam
786 4044 817 4088 r.
840 4025 881 4089 91
905 4043 967 4108 sq.:
997 4033 1000 4038 ’

193 4138 399 4150 -—..-...

295 4183 320 4248 l)
338 4178 370 4234 cf.
389 4179 407 4233 J
408 4179 453 4234 oh.
464 4177 530 4232 Brit.
548 4177 565 4231 l.
584 4193 606 4233 c.
619 4193 645 4245 p.
658 4179 718 4232 447.
737 4175 829 4244 (veluti
842 4173 996 4230 acclamatio
1008 4173 1036 4226 in
1047 4177 1229 4240 contemptum
1240 4176 1331 4226 tantae

191 4267 327 4337 mollitiei.)
363 4265 468 4320 Similes
487 4263 692 4321 acclamationes
710 4261 899 4330 indignationis
917 4259 1099 4314 inveniuntur:
1125 4259 1197 4326 1,42
1216 4273 1266 4326 ss.;
1295 4257 1329 4327 ΙΙ,

191 4355 225 4407 72
244 4369 295 4424 ss.;
316 4355 366 4409 126
387 4369 437 4422 ss.;
457 4354 516 4407 159.
551 4351 598 4422 Ill,
616 4351 650 4404 66
669 4365 718 4417 ss.;
736 4349 781 4419 Vl,
799 4351 864 4416 268;
883 4349 932 4404 317
952 4362 1002 4414 ss.;
1020 4347 1086 4416 5313
1104 4347 1155 4402 626
1173 4351 1221 4400 etc.

295 4439 521 4510 micant
