3076 4762
642 318 860 384 ..23-

290 493 387 558 Ribb.
429 493 529 560 Nioht
554 490 753 577 ,putamus“,
787 491 908 576 inquit,
937 489 1077 556 sondern
1103 490 1322 578 „putabimua“

186 619 253 664 war
274 621 314 662 zu
337 619 446 682 sagon.
491 597 629 664 Omnino
653 597 714 661 hoc
744 616 914 679 negamus3
949 595 1085 680 legimus
1117 595 1204 660 enim
1236 595 1323 680 apud

190 703 378 767 Ciceronem
400 702 542 783 (Tuscul.
565 701 683 786 disput.
707 700 763 765 lib.
785 699 827 765 V.
851 697 868 780 §
893 697 983 779 114):
1007 704 1083 783 „aut
1105 699 1248 765 Homero
1272 698 1327 763 de-

190 804 396 870 lectationem
420 805 517 870 animi
540 827 578 870 ao
599 806 809 890 voluptatem,
833 810 889 868 aut
913 804 1060 888 cuiquam
1076 802 1170 867 docto
1186 800 1327 868 defuisse

190 927 330 992 unquam
352 905 587 974 arbitramuri“
617 914 650 973 et
680 907 735 981 (de
751 907 834 971 offic.
850 907 907 972 lib,
930 904 1097 990 11,§25):
1121 906 1219 992 „quid
1242 908 1328 972 enim

190 1032 354 1077 censemus
377 1013 574 1098 superiorem
596 1011 689 1076 illum
710 1011 918 1094 Dionysium,
951 1031 1013 1095 quo
1037 1011 1181 1077 cruciatu
1202 1011 1327 1076 timoris

189 1117 266 1201 angi
299 1117 448 1182 solitum?
480 1162 617 1181 .....
662 1113 747 1191 Quid
777 1114 1001 1180 Alexandrum
1030 1115 1230 1199 Pheraeum,
1265 1134 1327 1200 quo

190 1220 296 1284 animo
318 1221 439 1286 vixisse
462 1219 656 1284 arbitramur
664 1216 701 1282 ?“
807 1254 811 1262 ·

292 1363 321 1407 v.
345 1343 388 1408 29
410 1363 475 1426 sq.:
497 1346 623 1427 partem

275 1463 426 1546 exiguam
448 1468 481 1527 ct
501 1463 646 1528 modicae
670 1469 830 1548 sumptam
853 1462 894 1527 de
917 1463 1062 1546 margine
1085 1481 1215 1546 coenae,

188 1583 285 1648 Ribb.
309 1603 374 1646 non
395 1584 568 1650 intellexit.
611 1585 716 1649 Poeta
744 1582 850 1648 dicere
872 1583 962 1665 vult,
996 1585 1174 1668 marginem
1195 1586 1248 1649 vel
1271 1605 1327 1648 ex·

189 1693 325 1750 tremam
349 1694 381 1751 et
403 1687 509 1753 levem
523 1693 650 1772 partem
665 1688 891 1773 imperatoriae
909 1707 1040 1770 coenae,
1063 1689 1162 1752 etiam
1181 1688 1327 1754 modicae

189 1796 223 1854 et
245 1790 390 1875 frugalis,
414 1792 510 1856 facile
533 1812 673 1877 aequare
696 1791 788 1855 illam
811 1791 951 1875 Crispini
973 1812 1106 1856 coenam
1129 1813 1188 1856 sex
1210 1799 1326 1858 sester-

190 1895 305 1960 tiorum
316 1891 353 1980 ¹).

289 2014 1327 2104 DiescherrhaftednrufungderMusendagegen‚pergitRibb,

187 2141 217 2183 v.
241 2119 285 2184 34
305 2141 365 2183 sa:

341 2238 456 2325 incipe,
481 2241 643 2326 Calliope!
666 2242 745 2308 licet
767 2249 800 2308 et
822 2243 1004 2328 considere3
1028 2248 1166 2336 nonest

341 2345 545 2430 cantandum,
568 2368 619 2413 rea
642 2368 720 2412 vera
742 2349 863 2433 agitur;
886 2352 1015 2413 narrate
1037 2347 1167 2433 puellae

340 2449 501 2516 Pierides!
525 2453 627 2536 prosit
649 2452 728 2517 mihi
750 2473 807 2518 vos
831 2451 953 2516 dixisse
974 2450 1113 2538 puellas,

184 2569 273 2634 kann
295 2571 348 2634 ich
369 2573 456 2636 mich
477 2573 567 2638 nicht
583 2571 762 2655 euthalten‚
786 2573 837 2638 fiir
853 2573 1001 2659 lippisch
1017 2595 1057 2638 zu
1073 2573 1233 2650 erkl‘alrcn.
1260 2572 1325 2640 Sed

184 2692 249 2735 non
273 2675 459 2756 cognovisse
482 2676 625 2759 videtur,
658 2676 851 2742 Juvenalem
881 2677 944 2742 hoo
973 2676 1044 2741 loco
1073 2682 1187 2761 poetas
1217 2677 1325 2761 epicos

185 2776 316 2862 oblique
333 2799 476 2864 carpere,
498 2780 554 2865 ,qui
575 2780 671 2865 pleno
692 2801 747 2845 ore
768 2779 930 2846 interdum
946 2781 979 2844 in
996 2780 1129 2846 exordio
1150 2781 1326 2846 carminum

184 2882 294 2947 Musas
317 2883 484 2967 invocant,
508 2883 565 2948 sed
589 2905 671 2969 quaa
694 2885 895 2949 sollemniter
917 2883 1133 2967 minabantur,
1156 2883 1326 2950 ridiculum

184 2986 218 3050 in
240 2985 370 3052 modum
385 2985 641 3073 persequatur).
665 2988 720 3055 Sic
742 2988 803 3052 hoc
825 2989 896 3053 loco
920 2989 954 3052 in
977 2993 1165 3072 argumento
1188 2989 1324 3055 ridiculo

184 3090 293 3156 Musas
322 3092 522 3156 sollemniter
549 3093 693 3176 invocat,
727 3092 819 3177 quasi
852 3113 922 3158 rem
954 3091 1089 3166 arduam
1117 3112 1326 3177 aggressurus

186 3189 271 3271 sit³).
295 3195 440 3271 Quantas
464 3200 573 3260 autem
595 3195 729 3260 facetias
751 3196 802 3261 his
825 3196 972 3261 versibus
994 3196 1101 3261 inesse
1117 3197 1326 3264 arbitramur!
1362 3277 1364 3280 ¹

190 3295 328 3381 ,Incipe,
351 3299 515 3384 Oalliopel
543 3299 648 3383 inquit
669 3304 781 3385 poeta;
805 3320 865 3384 ego
888 3301 975 3366 enim
996 3301 1049 3366 hic
1072 3322 1200 3367 cursum
1222 3303 1327 3368 satiri-

186 3419 243 3488 cae
259 3420 361 3465 venae
377 3404 536 3467 sustinere
557 3423 662 3487 cogor,
686 3425 790 3488 neque
814 3405 953 3489 amplius
976 3404 1100 3490 aliquid
1123 3405 1230 3470 dicere
1252 3427 1325 3492 pos-

186 3525 266 3569 sum.
296 3505 346 3569 Tu
369 3526 454 3590 ergo,
476 3507 580 3590 Musa,
605 3507 680 3592 quia
702 3514 880 3593 sequuntur
903 3529 955 3573 res
978 3527 1127 3594 magnae,
1149 3509 1325 3594 mirabiles,
1360 3521 1368 3538 ⁸

185 3610 423 3693 memorabiles,
446 3611 551 3696 incipe
560 3608 602 3697 ⁴)!
633 3612 699 3679 Sed
722 3613 858 3678 forsitan
879 3612 993 3678 Musae
1016 3611 1141 3678 dicant:
1178 3613 1326 3678 nolumus

186 3713 220 3777 in
243 3713 305 3778 hac
326 3736 362 3779 re
383 3714 459 3780 ficta
487 3721 613 3801 tempus
641 3722 798 3801 atterere,
833 3723 866 3782 et
898 3723 998 3803 poeta
1031 3717 1101 3802 ipse
1134 3717 1324 3804 respondet:

190 4037 198 4090 l
291 3953 329 4093 1)6
339 3952 373 4008 cf.
392 3967 484 4008 comm
503 3967 558 4009 var.
576 3953 594 4010 1.
612 3971 635 4010 c.
654 3971 680 4025 p.
701 3957 758 4010 105.
793 3955 854 4012 Joh.
872 3955 938 4011 Brit.
963 3954 1022 4011 tr.
1048 3971 1076 4025 p.
1093 3957 1153 4014 180.
1189 3956 1246 4012 Joa
1263 3956 1325 4013 Jur.

200 4055 249 4093 .c.
267 4057 293 4109 p.
330 4041 354 4094 9.

288 4145 315 4214 2)
334 4143 367 4200 ot
385 4143 452 4200 illud
469 4143 575 4202 Horatii
591 4146 655 4218 (ars.
672 4151 743 4216 poet
761 4164 784 4202 v.
803 4147 879 4216 139):

418 4250 572 4318 parturiunt
589 4255 701 4321 montes,
718 4255 843 4306 nascetur
860 4249 989 4307 ridiculus
1008 4267 1076 4308 mna

289 4353 316 4423 3)
333 4353 366 4409 cf.
383 4353 444 4410 Jou
462 4353 530 4412 Brit.
547 4354 564 4410 1
583 4371 604 4410 a
623 4371 649 4424 p.
667 4355 726 4410 480.
746 4370 838 4410 comm
856 4371 912 4410 var.
929 4354 947 4411 L
966 4372 990 4412 o.
1008 4373 1034 4426 p.
1055 4357 1111 4415 100

289 4459 320 4529 4)
337 4456 370 4514 ct
388 4473 482 4515 comm
501 4475 557 4517 var.
575 4458 592 4514 1
611 4473 635 4515 c.
653 4473 679 4527 p.
699 4457 757 4516 106.
835 4491 837 4502 -
