3076 4762
689 283 903 364 μρο...

229 461 327 538 etiarn
348 459 381 536 in
403 459 442 536 iis
465 465 620 552 vereduna,
643 471 697 555 qui
720 475 906 555 sequuntur.
930 470 1060 548 Quanta
1075 471 1162 540 enim
1182 467 1362 558 indignatio

228 577 333 641 inesse
355 576 483 641 videtur
504 575 611 639 versui
633 575 695 640 37:

339 701 437 765 quum
455 680 525 764 jam
547 679 767 744 semianimum
791 679 949 744 laceraret
970 679 1103 743 Flavius
1126 682 1248 766 orbem,

227 821 256 866 v.
287 802 329 868 86
359 821 406 885 sq.
452 800 580 876 Quanta
610 820 705 884 porro
734 800 878 865 siccitate
913 800 991 866 dicti
1024 805 1099 864 sunt
1127 822 1157 864 v.
1179 802 1221 866 53
1245 825 1286 868 ss.
1331 824 1361 870 v.

228 907 269 972 96
293 905 363 988 squ

329 1005 457 1074 Deinde
479 1007 537 1070 has
561 1005 641 1071 duas
664 1012 788 1093 partes,
822 1027 905 1092 quae
935 1007 1096 1072 sententia
1122 1007 1206 1072 inter
1228 1029 1263 1072 se
1287 1031 1361 1075 con-

221 1115 353 1200 junctae
375 1117 458 1193 sunt,
481 1130 545 1174 non
569 1112 714 1176 connecti
729 1112 790 1175 nisi
807 1111 947 1196 Orispini
962 1112 1059 1192 piscis
1075 1111 1202 1176 emendi
1218 1113 1359 1196 luxuria,

227 1219 342 1283 mirum
364 1236 435 1280 esse
458 1236 523 1279 non
550 1220 675 1300 potest,
709 1235 806 1298 quum
835 1236 877 1278 ex
905 1220 1016 1284 multis
1048 1220 1117 1304 ejus
1146 1221 1231 1285 vitiis
1262 1242 1360 1285 unum

226 1327 323 1406 poeta
345 1319 489 1403 elegerit,
513 1338 575 1403 quo
591 1318 697 1402 aptior
711 1319 864 1383 transitus
880 1320 922 1384 ad
941 1329 1129 1408 sequentem
1143 1327 1360 1390 narrationem

227 1425 415 1490 efficeretur.

328 1518 447 1593 Totum
468 1526 529 1590 hoo
552 1528 749 1610 prooemium
764 1549 805 1592 ue
822 1529 994 1594 cohaerere
1011 1531 1139 1613 quidem
1161 1537 1239 1615 arte,
1261 1531 1360 1598 Ribb.

225 1653 319 1722 porro
354 1630 535 1719 contendit,
573 1630 777 1695 Facillimum
811 1632 872 1696 hoc
905 1639 955 1698 est
988 1635 1139 1700 refutatu.
1184 1636 1360 1702 Exorditur

226 1739 310 1803 enim
332 1741 429 1822 poeta
456 1755 476 1798 a
504 1734 700 1817 gravissimis
730 1735 917 1801 libidinibus
941 1738 1082 1823 Crispini
1092 1737 1127 1817 ¹).
1173 1738 1238 1804 Sed
1265 1761 1359 1822 nuno,

225 1842 332 1928 pergit
360 1840 432 1907 Juv.
466 1839 758 1921 praetermittamus
792 1839 861 1922 ejus
895 1842 1018 1925 flagitia
1039 1831 1084 1906 ‘et
1117 1840 1157 1906 de
1187 1843 1360 1910 levioribus

225 1947 313 2011 vitiis
341 1946 523 2028 loquamur,
547 1961 757 2026 quamquam,
780 1944 807 2005 si
830 1945 899 2028 quis
923 1946 1006 2010 alius
1029 1946 1149 2010 talibus
1172 1946 1359 2014 libidinibus

226 2050 354 2115 deditus
377 2051 481 2129 esset,
513 2066 532 2110 a
561 2065 683 2110 morum
710 2044 819 2128 judice
849 2049 1049 2114 severissime
1077 2056 1251 2116 notaretur.
1295 2053 1360 2118 Cur

226 2154 311 2218 enim
344 2151 466 2235 flagitia
494 2149 563 2232 ejus
593 2169 775 2234 carpamus,
811 2171 908 2235 quum
936 2153 1005 2236 ipse
1036 2154 1182 2218 omnibus
1206 2156 1270 2219 suis
1294 2177 1358 2222 sce-

225 2257 345 2322 leribus
384 2257 426 2320 sit
464 2253 605 2336 foedior;
644 2273 744 2337 quare
776 2254 901 2319 minora
939 2256 1008 2338 ejus
1045 2257 1126 2320 vitia
1164 2260 1360 2345 contemple-

224 2357 345 2443 mur2),
379 2360 464 2422 inter
498 2376 580 2442 quae
615 2358 819 2442 conspicuum
853 2363 902 2422 est
934 2359 983 2441 id,
1018 2358 1104 2443 quod
1137 2379 1195 2422 sex
1228 2362 1358 2426 milibus

224 2466 345 2551 piscem
366 2463 453 2527 emit.
477 2461 580 2537 Quam
603 2461 763 2525 luxuriam
785 2460 961 2545 laudarem,
984 2463 1012 2526 si
1034 2461 1121 2546 pisce
1144 2463 1228 2527 tanti
1251 2472 1358 2548 empto

224 2573 453 2632 testamentum
476 2565 562 2629 senis
591 2564 660 2628 orbi
688 2566 824 2651 cepisset
852 2566 907 2631 vel
929 2566 956 2629 si
979 2585 1116 2649 magnae
1139 2567 1262 2632 amicae
1286 2589 1359 2633 eum

221 2672 307 2737 dono
325 2670 477 2735 dedisset.
506 2667 571 2735 Sed
586 2669 668 2733 nihil
684 2669 750 2752 tale
768 2669 862 2752 feeit3
886 2670 1014 2734 luxuria
1036 2674 1162 2735 tantum
1184 2679 1359 2738 commotus

223 2797 375 2858 magnam
396 2767 488 2839 illan'r
509 2773 680 2857 pecuniam
701 2771 852 2856 perdidit.
890 2772 997 2848 Quare
1021 2774 1235 2840 lautissimum
1256 2777 1358 2839 maxi-

223 2900 338 2965 meque
364 2876 533 2963 prodigum
558 2877 709 2962 Apicium
739 2877 916 2961 superavit;
951 2879 1063 2962 quanti
1085 2879 1171 2944 enim
1193 2878 1367 2962 Crispinus·

222 2984 344 3068 piscem
356 2982 443 3064 emit,
459 2982 541 3046 tanti
556 2982 721 3066 provincia
736 3001 830 3065 agros
844 2981 965 3046 vendit.
984 2983 1106 3059 Quodsi
1122 3003 1230 3048 scurra
1244 2981 1360 3068 palatii

223 3092 290 3152 tam
312 3087 495 3152 luxmiosus
518 3085 588 3168 fuit,
611 3091 647 3150 ut
668 3087 801 3170 piscem,
823 3091 949 3169 partem
971 3092 1095 3152 tanturn
1118 3106 1237 3150 coenae
1260 3087 1359 3171 impe·

222 3191 373 3272 natoriae,
388 3210 448 3254 sex
462 3189 592 3254 milibus
609 3194 740 3272 emeret,
758 3210 853 3273 quam
867 3190 998 3274 profuse
1013 3190 1239 3273 imperatorem
1254 3189 1359 3272 ipsum

222 3315 375 3360 coenasse
398 3294 514 3379 putas?

324 3398 452 3464 Deinde
467 3398 567 3463 Musis
578 3397 689 3482 jocose
704 3397 860 3462 invocatis
884 3394 924 3460 ad
947 3396 1116 3480 sequentia
1136 3402 1234 3481 poeta
1255 3401 1358 3460 trans·

151 3538 153 3544 ·
222 3500 376 3585 graditur.
420 3501 495 3567 Jam
527 3507 729 3566 transeamus
764 3501 805 3564 ad
836 3499 978 3583 singula,
1014 3519 1096 3583 quae
1123 3499 1220 3564 Ribb.
1254 3499 1359 3583 affert,

223 3615 421 3690 argumenta.

221 3729 251 3774 v.
276 3709 311 3774 l:
420 3743 423 3749 ⁴

306 3813 392 3878 Eece
415 3814 531 3879 iterum
555 3812 732 3898 Crispinus,
756 3818 788 3876 et
811 3817 861 3876 est
883 3810 963 3876 mihi
985 3831 1083 3896 saepe
1105 3810 1266 3876 vocandus

308 3917 349 3983 ad
371 3924 533 4003 partes..

326 4175 350 4243 1)
374 4174 433 4230 Hoc
462 4173 601 4230 exordium
624 4173 771 4230 Ribbeckio
794 4173 899 4242 longius
923 4173 1067 4242 repetitum
1083 4169 1189 4226 ridetur
1205 4182 1282 4238 esse;
1311 4166 1359 4223 sed

220 4277 272 4315 non
290 4260 377 4316 minus
395 4266 492 4330 poetae
509 4261 572 4316 vitio
591 4267 694 4316 vertere
712 4262 813 4330 possis:
832 4261 852 4331 1,
870 4262 902 4316 81
923 4276 958 4315 ss.
993 4259 1038 4331 VI,
1058 4262 1070 4311 l
1091 4273 1126 4313 ss

323 4349 349 4418 2)
371 4347 520 4417 respiciunt
537 4349 606 4404 enim
624 4349 706 4404 verba
725 4354 875 4404 »ettamen
894 4347 962 4403 alter
980 4347 1002 4402 si
1020 4343 1233 4401 lactoratium«
1252 4358 1306 4396 non
1325 4340 1359 4396 ad

220 4434 380 4502 emptionem
397 4434 488 4504 piscis,
507 4440 537 4489 ut
554 4434 633 4490 Ribb.
651 4436 722 4506 vult,
741 4436 789 4492 sed
807 4435 842 4492 sd
861 4441 984 4505 stuprum
1001 4431 1096 4502 virgini
1114 4430 1215 4488 Vestali
1233 4429 1359 4485 oblatum·
