3076 4762
679 317 893 384 ...28-

637 573 829 681 Sctirarn
864 577 941 710 Vl,

224 799 313 882 cujus
335 820 445 864 versus
468 800 564 865 Ribb.
594 807 761 888 tantopere
789 803 952 868 mutilavit
980 811 1012 868 et
1041 809 1238 890 transposuit
1249 806 1287 891 ¹),
1321 813 1356 874 ut

224 904 280 966 vix
302 923 373 968 cam
403 925 578 988 agnoscere
607 908 729 991 possis,
761 928 826 971 non
855 909 1080 990 tractavimus,
1115 931 1230 993 quum,
1263 913 1291 976 si
1315 913 1355 978 de

223 1007 359 1090 singulis
380 1009 526 1074 versibus
549 1031 569 1073 a
589 1011 769 1076 Ribbeckio
793 1012 905 1096 ejectis
928 1012 1167 1096 dissereremus,
1190 1013 1230 1078 de
1253 1020 1356 1099 trans-

224 1112 452 1178 mutationibus
481 1134 607 1198 quoque
634 1116 727 1180 nobis
758 1115 984 1200 disputandum
1007 1122 1109 1199 esset,
1141 1138 1253 1200 quasa
1283 1139 1354 1205 pro-

223 1215 329 1298 posito
351 1220 460 1280 nostro
484 1217 608 1283 alienas
631 1241 701 1284 esse
719 1219 790 1304 jam
812 1221 845 1285 in
860 1221 1061 1306 praefatione
1077 1221 1225 1287 diximus.
1249 1225 1355 1299 Quare

224 1319 476 1404 transgredimur
498 1322 540 1387 ad

622 1612 815 1720 Satircm
850 1615 949 1720 VII.

222 1792 253 1836 v.
278 1769 334 1836 15:

289 1897 481 1961 quamquam
503 1882 536 1940 et
558 1876 768 1961 Cappadoces
791 1877 912 1942 faciant
934 1879 1121 1963 equitesque
1143 1878 1287 1964 Bithyni,

224 1981 366 2064 spurium
383 1980 524 2064 judicari
554 2001 687 2044 necesse
718 1985 782 2062 est,
809 2002 915 2066 quum
945 1982 1205 2066 difficultatibus,
1240 1985 1356 2068 quibus

224 2085 411 2170 conspicuus
435 2090 492 2166 est,
516 2084 591 2147 licet
614 2083 783 2166 prosodiae
807 2086 991 2150 scabritiem
1014 2085 1203 2152 Hermanno
1226 2093 1356 2152 auctore

224 2188 427 2272 transpositis
450 2188 632 2252 nominibus
666 2188 814 2268 ,Asiaui“
846 2195 879 2254 et
911 2191 1079 2272 ,Bithyni“
1106 2193 1221 2256 tollere
1244 2193 1358 2277 possis,

223 2293 432 2358 nihilominus
454 2292 582 2359 medela
605 2293 715 2360 afferri
737 2295 865 2359 omnino
887 2299 1037 2378 nequeat.

224 2416 253 2460 v.
276 2395 335 2461 51:

401 2500 597 2564 consuetudo
620 2501 707 2594 mali,
730 2504 820 2564 tenet
841 2499 1023 2564 insanabile
1045 2501 1174 2583 multos,

96 2639 98 2649 =
225 2609 332 2668 utrum
353 2603 504 2669 Juvenali
527 2603 760 2688 adjudicandus
783 2604 825 2668 sit
846 2625 963 2686 necne,
996 2610 1107 2669 nostra
1137 2604 1266 2690 quidem
1288 2627 1360 2670 sen-

226 2709 328 2772 tentia
350 2709 383 2772 in
406 2709 526 2772 incerto
550 2706 796 2792 relinquendum
819 2712 877 2773 est.
922 2707 960 2772 B.
984 2709 1065 2793 Lup.
1089 2709 1111 2774 l.
1135 2730 1161 2774 c.
1183 2730 1216 2793 p.
1240 2709 1283 2774 34
1313 2710 1360 2773 in-

226 2812 414 2895 terpolatori
438 2832 511 2876 eum
533 2811 739 2876 tribuendum
762 2831 831 2875 csse
855 2816 979 2894 censet,
1004 2813 1043 2878 Ο.
1065 2811 1185 2894 Jahnii,
1208 2830 1360 2896 praecep·

225 2916 304 2979 toris
330 2917 394 2996 sui,
430 2936 541 2980 causas
569 2921 714 2997 secutus,
746 2919 938 3000 quaesunt:
972 2914 1162 2979 Juvennalis
1188 2920 1361 2998 postquam

228 3041 286 3104 per
324 3019 507 3100 ,discedas“
544 3041 654 3084 omnes
686 3026 798 3104 poetas
823 3019 981 3084 allocutus
1005 3025 1071 3101 est,
1106 3018 1283 3082 orationem
1315 3017 1362 3081 ita

227 3124 339 3209 nequit
362 3123 549 3206 debilitare,
583 3129 618 3188 ut
649 3124 690 3188 ab
714 3122 860 3187 omnibus
883 3122 1014 3187 recedat
1037 3122 1079 3186 ad
1100 3119 1247 3186 multos.“
1296 3120 1362 3186 Sed

228 3229 309 3293 haec
332 3229 494 3292 sententia
516 3229 650 3294 forsitan
672 3227 842 3291 refellatur
863 3247 894 3290 v.
917 3227 974 3292 96:

331 3339 406 3398 tunc
427 3353 486 3416 par
509 3332 638 3415 ingenio
661 3331 811 3415 pretium,
834 3337 909 3395 tunc
931 3330 1010 3394 utile
1032 3329 1190 3392 multis..
1208 3377 1240 3394 ..

331 3435 459 3500 Deinde
482 3441 585 3500 totum
607 3436 692 3499 hunc
713 3421 858 3516 versum,
890 3455 984 3520 quem
1013 3433 1052 3496 B.
1075 3433 1156 3516 Lup.
1181 3453 1223 3498 ex
1243 3431 1363 3516 triplici

228 3540 493 3624 interpretatione
516 3540 665 3604 vocabuli
698 3536 903 3621 ,cacoethes“
937 3543 1083 3602 constare
1114 3541 1224 3621 putat,
1253 3536 1364 3600 elata

230 3644 369 3709 dictione
391 3648 508 3728 poetae
531 3664 698 3709 emanasse
720 3643 894 3708 verisimile
917 3647 977 3706 est.

332 3749 422 3823 Quae
455 3746 552 3812 Ribb.
583 3746 605 3810 l.
636 3768 661 3811 o.
690 3767 722 3830 p.
753 3745 815 3810 130
844 3745 1025 3812 sententiae
1049 3746 1088 3811 0.
1110 3743 1222 3810 Jahuii
1255 3743 1363 3807 addit:

233 3851 324 3931 „Den
347 3851 409 3916 Stil
443 3850 499 3914 des
527 3850 762 3934 Interpolators
794 3849 925 3912 verrdth
959 3849 1011 3913 die
1042 3848 1185 3913 beliebte
1215 3845 1364 3911 Wieder·

230 3955 351 4038 holong
365 3954 537 4019 desselben
551 3951 739 4036 Verbums,“
765 3973 829 4017 uon
852 3953 962 4036 paucis
983 3952 1127 4050 ejusdem
1143 3952 1270 4036 generis
1285 3949 1364 4014 locis

226 4059 428 4123 refelluntur.
461 4058 553 4122 Idem
575 4059 709 4123 verbum
731 4058 904 4142 repetitum
927 4077 998 4125 esse
1021 4057 1182 4121 invenias:

332 4163 359 4244 I,
385 4163 460 4228 101:
485 4162 527 4227 da
549 4198 590 4209 -
612 4163 664 4228 da.
686 4163 730 4245 H,
753 4162 794 4228 78
817 4183 881 4247 sq:
906 4161 995 4226 dedit
1018 4196 1058 4206 -
1082 4159 1181 4226 dabit.
1204 4160 1264 4242 III,
1288 4157 1365 4223 190:

112 4325 113 4328 ,
233 4265 325 4330 timet
340 4267 514 4332 —timuit
549 4267 630 4334 245:
654 4267 785 4333 ferit-
801 4267 886 4332 ferit.
917 4266 959 4350 V,
985 4263 1044 4330 147
1061 4285 1125 4350 sq.:
1149 4263 1273 4330 edit—
1289 4262 1366 4328 edit.

336 4453 359 4520 1)
378 4452 429 4508 rid.
448 4451 654 4522 disputationem
671 4454 730 4524 ejus
748 4454 782 4511 de
799 4460 849 4510 sat.
866 4453 911 4512 VI.
