3076 4762
635 381 679 396 ..-
722 287 853 414 21¹...

282 527 381 595 Ribb.
412 525 502 591 Aber
524 523 576 588 dic
598 522 765 606 Drchung,
788 522 846 586 ihn
868 521 952 586 noch
975 522 1022 586 oft
1045 523 1103 587 auf
1124 521 1176 588 die
1199 523 1315 588 Biiline

180 657 220 701 nu
241 635 351 714 rufen,
374 633 417 695 ist
439 650 495 694 aus
518 628 750 693 unbekanntsn
775 626 931 692 Griindcn
952 627 1109 691 unerfiillt
1132 628 1316 712 geblieben.

285 737 319 802 Si
351 735 420 820 quis
442 733 537 798 minis
559 752 634 796 usus
663 731 737 814 erit,
772 751 837 794 non
866 751 994 815 semper
1023 751 1078 795 eas
1100 752 1135 796 re
1159 753 1237 798 vera
1259 753 1315 797 ex-

181 847 348 926 aequatum
372 857 602 922 saepenumero
617 836 705 900 nihil
715 836 779 898 nisi
793 836 977 901 minabitur.
1013 835 1120 911 Quare
1135 836 1316 902 mirandum

181 968 245 1010 non
268 952 326 1028 est,
347 941 538 1009 Iuvenalem
561 941 665 1004 minas
688 940 749 1004 hoc
772 939 842 1002 loco
861 939 1003 1022 jactatas
1025 961 1090 1004 non
1112 943 1289 1026 peregisse.

239 1051 240 1054 ’
282 1068 312 1112 v.
340 1049 397 1114 10:

451 1169 545 1214 nemo
567 1148 672 1211 malus
695 1145 785 1230 felix,
807 1147 938 1211 minime
956 1196 963 1211 .
981 1196 988 1211 .
1006 1198 1013 1213 .
1031 1198 1039 1212 .
1190 1197 1192 1204 ,

283 1255 379 1321 Ribb.
413 1256 477 1321 Die
507 1252 644 1319 felicitas
673 1252 773 1335 pflagt
795 1257 891 1322 sonst,
906 1248 1045 1316 Juvenal
1067 1253 1157 1317 nicht
1179 1254 1237 1318 mit
1259 1254 1317 1320 der

179 1361 283 1426 Moral
305 1383 346 1424 zu
366 1375 577 1441 vermengen,
611 1357 659 1420 sie
690 1357 811 1420 beruht'
837 1356 928 1420 nicht
957 1357 1015 1420 auf
1035 1356 1109 1422 dem
1130 1362 1230 1441 guteu
1253 1360 1315 1425 Ge·

179 1465 303 1547 wissen,
327 1462 467 1528 sondern
489 1462 536 1525 sie
559 1461 646 1526 steht
667 1461 700 1524 in
724 1460 787 1524 den
810 1461 949 1526 Sternen
971 1461 1193 1543 geschrieben.

285 1566 506 1648 Ooneedimus,
523 1563 581 1628 sed
595 1564 787 1630 Iuvenalem
803 1583 931 1628 omnem
946 1564 1111 1628 hominum
1126 1567 1316 1633 felicitatem

179 1671 338 1736 sideribus
366 1672 540 1755 imputare,
574 1668 703 1733 omnino
726 1687 897 1751 negamus,
932 1687 1036 1751 neque
1061 1689 1102 1732 ex
1126 1671 1165 1734 iis
1188 1671 1267 1738 locis
1281 1669 1315 1755 ¹),

180 1794 259 1858 quos
280 1774 376 1839 Ribb.
400 1775 442 1838 ad
464 1774 657 1838 sententiam
687 1791 779 1836 suam
807 1770 1055 1838 confirmandam
1090 1775 1215 1858 attulit,
1248 1776 1316 1840 ullo

179 1877 272 1941 modo
297 1878 444 1942 concludi
465 1881 591 1961 potest,
624 1880 755 1959 poetam
784 1895 818 1938 re
841 1894 919 1939 vera
940 1875 1129 1942 felicitatem
1152 1879 1317 1944 hominum

178 2000 198 2044 a
212 1981 370 2046 sideribus
386 1978 528 2064 pendere
545 1977 729 2044 credidisse.
762 1978 790 2043 E
806 1979 933 2064 poetico
951 1980 1038 2044 enim
1053 2001 1171 2064 genere
1188 1982 1316 2049 dicendi

178 2085 212 2149 hi
234 2105 346 2148 versus
369 2089 574 2162 emanarunt,
609 2087 643 2146 et
673 2080 818 2165 ejusdem
849 2083 991 2166 exempli
1013 2085 1101 2148 locos
1123 2103 1189 2150 non
1212 2087 1316 2152 solum

179 2187 265 2272 apud
293 2188 501 2270 Juvenalem,
535 2187 593 2252 sed
621 2186 720 2250 etiam
747 2186 834 2271 apud
864 2187 946 2251 alios
973 2192 1087 2272 poetas
1116 2190 1315 2276 invenimus,

178 2292 269 2355 nulla
283 2298 391 2357 autem
414 2313 510 2358 causa
533 2313 575 2356 ex
595 2291 634 2355 iis
658 2290 805 2354 exhiberi
826 2296 944 2376 potest,
968 2313 1023 2356 cur
1044 2300 1158 2379 poetas
1180 2295 1255 2360 illos
1277 2317 1312 2360 re

178 2415 254 2460 vera
276 2397 335 2461 tali
358 2397 577 2483 superstitioni
598 2394 771 2460 indulsisse
794 2401 953 2479 putemus.

282 2502 428 2567 Sensisse
457 2503 554 2566 etiam
582 2499 709 2564 ridetur
731 2499 828 2565 Ribb.
857 2498 943 2564 istud
967 2509 1190 2583 argumentum
1213 2505 1316 2572 solum

179 2608 264 2667 stara
280 2625 343 2668 non
359 2625 465 2689 posse,
488 2624 587 2688 quare
610 2603 797 2686 languidam
820 2604 910 2668 illam
934 2602 1107 2669 dictionem
1128 2615 1315 2693 praecepto·

179 2705 232 2786 ris,
257 2725 320 2788 qua
342 2727 482 2791 semper,
516 2727 614 2792 quum
637 2707 784 2771 omnibus
809 2707 882 2771 aliis
901 2709 1035 2774 auxiliis
1060 2709 1232 2778 destitutus
1255 2720 1315 2798 est,

107 2840 110 2848 ·
177 2809 333 2892 innititur,
356 2811 390 2874 in
406 2812 507 2875 aciem
528 2809 686 2895 producit.
718 2811 784 2877 Sed
806 2811 866 2877 tali
887 2830 1001 2876 norma
1022 2833 1132 2878 versus
1148 2815 1315 2882 Juvenalis

175 2912 313 2997 judicari
335 2920 509 2998 nequeunt,
533 2936 629 3000 quum
651 2917 742 2981 nulla
765 2922 872 2980 exstet
894 2919 1004 2999 satira,
1028 2939 1109 3002 quae
1132 2940 1197 2983 non
1219 2921 1315 2987 modo

177 3017 328 3100 vividum,
351 3016 446 3082 modo
469 3018 657 3102 languidum
679 3041 780 3104 genus
804 3020 932 3085 dicendi
955 3020 1163 3088 demonstret.

281 3120 403 3185 Versus
426 3121 581 3206 explendi
604 3135 713 3207 causa',
737 3126 783 3190 ait
804 3125 916 3208 Ribb.,
939 3126 1152 3210 interpolator
1174 3127 1236 3193 duo
1259 3150 1315 3194 nc-

179 3221 266 3285 mina
288 3225 393 3308 affert,
416 3226 531 3310 quibus
551 3227 770 3310 jurisconsulti
792 3229 841 3294 uti
865 3230 981 3295 solent.
1006 3231 1092 3296 Sane
1115 3231 1196 3297 haec
1217 3239 1315 3318 poeta

179 3323 277 3408 plane
293 3347 310 3390 a
325 3330 491 3395 voluntate
507 3351 565 3396 sua
587 3331 702 3418 elegit,
726 3333 913 3416 saepissime
936 3338 1044 3400 autem
1067 3342 1155 3400 certa
1176 3358 1316 3424 persona

179 3429 359 3495 nominibus
383 3434 491 3500 allatis
513 3435 629 3520 subjici
652 3456 715 3500 non
737 3441 854 3521 potest.
899 3437 939 3501 cf.
961 3439 988 3520 I,
1013 3439 1090 3504 108:
1115 3439 1315 3527 (Corvinus);

182 3530 416 3620 126:·(oa11s);
439 3539 557 3621 H,16:
579 3538 812 3623 Periboqus);
835 3541 894 3605 36:
910 3539 1095 3625 (Laronia);
1118 3543 1177 3626 HI,
1193 3544 1236 3610 23
1252 3565 1314 3631 sq.:

180 3631 342 3718 (Artorius
354 3646 386 3704 et
399 3641 561 3730 Catulus);
583 3645 661 3711 130:
678 3644 814 3727 (Albina
826 3649 859 3710 et
870 3644 1008 3730 Modia);
1031 3647 1072 3729 V,
1088 3647 1146 3714 98:
1163 3647 1315 3734 (Laenas,

178 3741 342 3826 Aurelia);
365 3743 422 3828 VI,
446 3747 503 3813 64:
528 3748 669 3831 (Tuccia,
692 3749 852 3834 Appula);
876 3750 931 3815 66:
956 3749 1156 3836 (Thymele);
1185 3753 1226 3819 76
1249 3774 1314 3838 sq.:

180 3845 328 3929 (Echion,
342 3848 536 3936 Glaphyrus,
545 3851 749 3935 Ambrosius)
759 3877 766 3938 ;
778 3855 869 3937 VHI,
882 3855 940 3921 96:
954 3853 1085 3938 (Pansa,
1101 3854 1230 3939 Natta);
1242 3859 1314 3924 rell.

281 3952 356 4017 darn
378 3973 454 4018 vero
476 3976 518 4019 ex
540 3958 688 4040 sequenti
703 3959 876 4023 Ribbeokii
898 3958 1115 4042 disputatione
1139 3961 1314 4026 clarissima

182 4055 302 4139 elucet,
336 4057 529 4124 Juvenalem
553 4060 691 4126 eihand
714 4063 782 4126 fers
805 4063 936 4147 placere
959 4061 999 4125 ob
1024 4061 1197 4128 dictionem
1218 4067 1313 4131 modo

181 4159 281 4224 latam
304 4167 337 4226 et
358 4163 544 4248 languidam
566 4165 661 4236 modo
683 4165 825 4231 vividam
847 4171 881 4231 et
896 4166 1067 4232 concisam.
1102 4167 1191 4234 Dicit
1205 4169 1314 4254 Ribb.,

181 4282 198 4325 e
221 4281 328 4328 versu:
991 4293 993 4298 ’

179 4419 385 4430 ———.-......

285 4486 309 4557 1)
327 4485 384 4558 vn,
404 4491 548 4547 ros-aon.
584 4490 630 4560 rx,
650 4493 707 4547 ras.
