3076 4762
674 317 896 384 ...11-

217 492 382 558 notionem
396 513 460 557 vox
475 492 600 556 orbium
615 492 677 557 hoo
694 493 766 558 loeo
781 491 912 574 habeat,
931 492 1002 575 jam
1016 513 1114 577 supra
1130 493 1353 577 exposuimus;

218 598 400 682 quaeritur,
436 597 511 681 quid
533 597 595 661 sibi
617 597 696 661 velit
717 597 914 682 praepositio
947 595 1037 676 ,de“.
1083 597 1249 680 Significat
1275 595 1351 677 ,de“

217 702 370 786 primum,
404 700 490 784 quod
512 721 570 764 nos
594 700 727 764 dicimus
763 720 843 779 ,von
866 700 950 764 oben
973 699 1074 765 hereb
1084 699 1110 778 ,“
1148 720 1246 784 saepe
1274 719 1354 780 ,von

217 809 316 868 etwas
331 803 420 886 her“,
443 804 561 868 deinde
580 805 631 884 ,in
646 803 803 887 Betreff“,
826 804 1015 888 saepissime
1032 809 1149 885 autem,
1164 805 1355 887 praesertim

216 909 250 972 in
264 907 446 973 nominibus
461 908 692 989 numeralibus,
706 928 764 991 pro
781 908 924 990 genitivo
939 909 1103 992 partitive,
1121 927 1216 991 quem
1227 913 1354 991 vooant,

217 1013 355 1096 ponitur.
388 1012 558 1077 Postrema
579 1013 710 1076 notione
734 1017 862 1095 sumpta
883 1011 1045 1075 sententia
1067 1010 1148 1075 haee
1171 1017 1233 1075 est:
1262 1032 1354 1092 „nam

216 1116 301 1179 inter
323 1121 372 1179 tot
392 1116 543 1200 pulchros
571 1121 630 1180 ete.
661 1115 770 1198 orbes,
804 1117 825 1179 i.
858 1136 886 1179 e.
915 1135 1098 1180 mensarum
1126 1114 1255 1180 tabulas
1286 1116 1353 1180 sive

215 1239 362 1302 mensas,
386 1219 554 1304 inquibus
578 1221 731 1302 clientes,
754 1220 782 1283 si
804 1219 846 1284 ad
869 1220 1014 1284 convivia
1036 1218 1281 1302 adhiberentur,
1304 1240 1355 1284 ao·

217 1323 420 1406 eumberent,
454 1324 582 1407 patroni
610 1343 675 1387 una
707 1343 835 1405 mensa,
868 1325 922 1388 vel
950 1329 986 1387 ut
1013 1324 1046 1386 in
1079 1343 1175 1405 prosa
1208 1324 1355 1387 oratione

217 1426 341 1510 dioitm,
363 1429 397 1492 in
419 1447 484 1492 una
505 1447 627 1509 mensa,
650 1427 671 1490 i.
695 1447 724 1491 e.
746 1427 808 1490 soli
830 1427 1024 1510 patrimonia
1047 1426 1246 1491 comedunt.“
1280 1427 1356 1510 Vel,

216 1535 252 1594 ut
275 1531 347 1595 aliis
370 1530 477 1595 verbis
497 1536 640 1596 utamur:
667 1550 878 1614 ,quamquem
894 1529 980 1594 enim
994 1530 1123 1614 patroni
1138 1536 1186 1594 tot
1201 1531 1352 1616 pulchras

215 1654 343 1698 mensas
365 1634 502 1716 habent,
534 1634 649 1719 quibus
679 1634 829 1714 clientes,
863 1633 891 1696 si
922 1632 964 1696 ad
992 1633 1105 1719 epulas
1132 1634 1354 1718 invitarentur,

217 1737 404 1802 aooumbere
419 1744 563 1823 possent,
586 1744 695 1802 tamen
718 1738 751 1802 in
775 1756 838 1802 una
860 1757 973 1800 mensa
995 1738 1016 1802 i.
1032 1757 1060 1801 e.
1083 1739 1145 1801 soli
1161 1740 1356 1822 patrimonia

217 1841 405 1906 comedunt‘
420 1841 455 1924 ¹).
482 1842 557 1906 Non
580 1847 630 1905 est
651 1842 758 1923 igitur,
782 1861 837 1904 eur
858 1840 965 1905 verbis
992 1861 1074 1921 „una
1095 1842 1226 1906 mensa“
1252 1845 1354 1908 notio·

216 1965 291 2009 nem
317 1967 399 2026 ,una
422 1965 522 2010 ooena
543 1944 597 2008 vel
620 1944 701 2008 adeo
724 1943 835 2008 lanoe“
862 1944 1079 2027 subjioiamus,

319 2049 426 2124 Quum
448 2045 526 2112 alibi
547 2047 645 2114 Ribb.
681 2048 719 2112 iis
743 2047 918 2112 editoribus
949 2050 1137 2132 assentitur,
1172 2051 1226 2135 qui
1261 2071 1356 2134 quam

215 2151 370 2236 plurimos
391 2171 503 2216 versus
525 2152 677 2218 Juvenali
699 2153 868 2235 abrogant,
891 2157 960 2215 tum
982 2153 1016 2216 in
1038 2173 1121 2217 vers.
1147 2154 1209 2220 155
1231 2175 1288 2218 ss:

370 2275 454 2340 pone
477 2256 685 2339 Tigellinum,
707 2255 806 2320 taeda
828 2256 951 2320 lucebis
975 2257 1008 2320 in
1031 2257 1101 2339 illa,

371 2379 434 2443 qua
456 2365 580 2424 stantes
603 2359 728 2442 ardent,
751 2359 807 2443 qui
828 2357 892 2422 fluo
915 2365 1045 2443 pectore
1068 2361 1205 2444 fumant,

370 2470 403 2529 et
424 2464 527 2530 latum
548 2463 658 2550 media
680 2464 804 2527 suleum
827 2462 958 2527 dedueis
981 2485 1091 2548 arena,

319 2568 490 2633 Struveum
512 2568 635 2650 laudat,
660 2569 714 2652 qui
736 2589 766 2631 v.
784 2566 857 2650 157,
881 2588 977 2651 quum
995 2569 1152 2633 maximas
1169 2570 1356 2654 explicandi

215 2670 420 2743 difficultates
442 2670 630 2753 praeberet,
664 2670 770 2753 ejeoit.
815 2671 975 2736 Nimirum
996 2672 1049 2736 hio
1071 2693 1183 2737 versus
1206 2673 1357 2738 diversis·

181 2805 183 2810 η
215 2773 302 2838 simis
318 2769 543 2852 lectionibus²)
568 2780 600 2838 et
616 2774 896 2859 explicationibus,
919 2795 999 2859 quas
1015 2797 1203 2841 enumerare
1225 2778 1357 2862 longum

214 2883 273 2960 ost,
296 2881 432 2940 vexatus
455 2881 506 2940 est
528 2883 561 2941 et
583 2877 689 2943 adhue
711 2877 782 2942 luoe
805 2897 864 2941 sua
887 2885 984 2942 earet.
1020 2880 1085 2945 Sed
1109 2901 1206 2965 quum
1229 2882 1353 2946 ambitu

214 2982 320 3066 operis
342 2981 444 3045 nostri
466 2981 707 3065 prohibeamur,
742 2983 910 3066 quominus
937 2983 1066 3067 penitus
1097 2985 1131 3048 in
1160 2967 1273 3049 varias
1298 3006 1354 3049 ex-

213 3086 411 3168 plicationes
432 3083 645 3167 insinuemus,
679 3087 757 3152 satis
787 3086 944 3151 habemus
978 3087 1093 3152 afferre
1116 3086 1295 3174 Weberi³l
1322 3097 1357 3155 et

212 3188 395 3254 Heinriohii
403 3186 429 3267 ⁴)
464 3189 658 3253 sententiam
690 3190 899 3271 vehementer
934 3189 1154 3275 probabilem,
1193 3193 1248 3276 qui
1282 3213 1357 3277 pro·

214 3293 322 3356 ierunt
346 3293 442 3356 baeo:
466 3312 524 3375 pro
544 3292 613 3372 ,et“
632 3299 771 3378 ponatur
785 3314 917 3358 neeesse
933 3300 984 3359 est
1009 3295 1112 3378 „aut“,
1136 3316 1233 3380 quum
1259 3301 1358 3380 poeta

214 3395 254 3460 de
278 3395 402 3460 duobus
426 3395 561 3460 diversis
583 3397 750 3482 suppliciis
773 3398 940 3482 loquetur,·
962 3398 1062 3462 futuri
1087 3398 1245 3479 ,lucebis“
1271 3405 1357 3464 tran-

214 3501 295 3564 situs
329 3499 371 3563 ad
403 3519 557 3583 praesens
593 3499 761 3580 ,deduois“
791 3501 916 3564 nullam
949 3501 1084 3583 praebet
1119 3502 1353 3586 difficultatem,

213 3605 332 3689 quippe
357 3604 412 3689 qui
443 3603 572 3688 saepius
601 3603 687 3688 aqud
718 3609 832 3689 poetas
862 3604 980 3670 latinos
1010 3605 1201 3670 inveniatur.
1246 3607 1354 3683 Quare

212 3709 258 3772 sio
279 3706 470 3772 vertendum
492 3727 563 3772 esse
585 3707 712 3772 videtur
734 3729 805 3772 oum
828 3708 1047 3792 Haugwitzio:

210 3812 326 3876 Nerine
350 3811 413 3874 den
435 3810 595 3894 Tigellin3
627 3810 694 3874 und
717 3810 761 3875 du
782 3811 917 3876 brennst
939 3812 988 3876 als
1011 3812 1152 3895 Faekel,
1181 3813 1240 3877 wie
1259 3814 1350 3897 jene,

211 3915 263 3980 die
287 3915 432 4000 geheftet
454 3935 506 3980 am
527 3914 622 3998 Hals,
645 3916 679 3979 in
701 3917 814 3980 Raueh
838 3916 1034 3982 auflodernd
1056 3918 1186 3999 gestellt
1209 3917 1292 4000 sind,

212 4018 289 4083 oder
311 4018 630 4104 hinausgesehleppt,
654 4019 852 4084 uersurobest
874 4020 917 4084 du
938 4021 1054 4084 mitten
1076 4020 1134 4084 das
1158 4021 1329 4087 Sandleld.

314 4188 340 4256 1)
359 4187 391 4242 ef.
410 4203 503 4242 eornm
521 4203 577 4242 var.
596 4187 638 4242 ed.
657 4186 789 4244 Sehrevel.
808 4204 835 4257 p.
853 4189 896 4243 21.

313 4274 339 4342 2)
358 4273 390 4327 cl.
409 4273 450 4328 ed.
469 4273 501 4328 0.
518 4273 609 4328 Jahnii
626 4289 652 4342 p.
674 4276 698 4328 9.

313 4361 341 4422 3)
358 4359 513 4415 Ueberseta
532 4379 557 4416 u.
576 4360 674 4416 Gomm.
693 4377 727 4416 zu
743 4361 803 4416 Juv.
822 4376 849 4429 p.
867 4363 927 4418 284.
953 4356 956 4368 '

312 4447 339 4517 4)
357 4447 374 4503 l.
393 4464 417 4502 o.
434 4463 461 4516 p.
478 4450 513 4504 83
531 4463 571 4517 sq.
