3076 4762
675 349 893 412 „22-

274 531 275 536 ’
389 525 439 583 est
461 520 543 585 ratio
566 519 715 602 ulterior,
738 540 876 603 magnae
899 521 926 585 si
948 522 1036 586 misit
1058 523 1189 606 amicae,

220 623 360 706 intelligi
375 643 438 688 non
454 643 560 708 posse,
584 643 678 708 quem
694 623 735 688 ad
750 623 845 688 finem
862 624 1029 710 Crispinus
1044 627 1166 710 piscem
1181 629 1212 691 ei
1227 628 1353 692 mittere

220 728 347 792 debeat.
391 724 438 791 At
464 727 505 791 de
532 726 689 791 industria
716 732 814 811 poeta
836 728 928 792 nobis
950 729 1077 800 ridetur
1099 729 1261 795 addidisse
1284 733 1354 796 voci

223 829 381 913 ,amicae“
419 830 613 914 adjectivum
646 830 838 916 ,magnae“;
872 853 947 896 nam
970 833 997 897 si
1020 833 1090 915 quis
1112 853 1250 917 magnae
1278 836 1298 898 i.
1326 855 1354 899 e.

219 937 359 1022 potentis
383 936 504 1000 amicae
526 956 586 999 usu
607 935 731 1018 fruitur,
754 936 854 1000 multo
878 935 1004 1000 facilius
1026 936 1165 999 honores
1185 957 1354 1021 capessere

220 1044 337 1126 potest.
366 1039 472 1115 Quare
489 1060 571 1124 quae
588 1041 704 1104 sithoc
720 1040 790 1104 loco
811 1039 910 1120 ,ratio
927 1039 1090 1123 ulterior“,
1114 1041 1192 1105 satis
1208 1048 1354 1125 apparet.

322 1165 352 1208 v.
374 1145 417 1209 22
440 1163 502 1227 sq.:

424 1247 527 1312 multa
549 1245 705 1329 videmus,

426 1371 507 1436 quae
529 1352 627 1415 miser
649 1356 682 1415 et
704 1353 788 1436 frugi
810 1373 874 1416 non
897 1353 974 1417 fecit
996 1353 1146 1438 Apicius!

321 1455 418 1524 Ribb.
442 1476 538 1540 quum
561 1456 646 1520 huno
665 1455 816 1540 Apicium
839 1457 964 1522 Seneca
986 1463 1117 1522 auctore
1139 1457 1257 1521 millies
1280 1477 1353 1520 cen-

217 1566 299 1627 tena
315 1561 405 1624 milia
427 1560 461 1623 in
483 1559 624 1623 culinam
646 1559 822 1642 conjecisse
845 1579 979 1644 eamque
1004 1560 1045 1624 ob
1069 1582 1198 1625 causam
1215 1559 1354 1644 Crispini

219 1665 378 1729 luxuriam
400 1683 569 1747 superasse
593 1663 777 1746 contendat,
801 1664 924 1728 nescire
947 1661 1091 1745 videtur,
1116 1683 1211 1747 quam
1233 1665 1354 1728 usitata

219 1770 261 1834 sit
282 1769 434 1835 Juvenali
455 1767 650 1852 hyperbole,
682 1788 763 1852 quae
794 1767 919 1832 dicitur.
970 1767 1023 1832 sic
1049 1787 1079 1830 v,
1112 1766 1154 1830 28
1185 1788 1226 1830 ss.
1261 1767 1354 1832 huius

219 1875 338 1939 satirae
360 1893 420 1957 per
441 1871 653 1956 hyperbolem
676 1870 754 1936 dicti
777 1877 861 1936 sunt.
904 1872 955 1936 De

322 1998 352 2042 v.
375 1977 417 2042 26
440 1997 505 2061 sq.:

372 2079 537 2166 provincia
558 2079 642 2143 tanti

372 2184 484 2277 vendit
506 2203 610 2268 agros,
633 2183 691 2248 sed
708 2183 844 2268 ⁸majoris
865 2183 1011 2268 Appulia
1031 2183 1153 2265 vendit,

218 2289 385 2356 Juvenalis
408 2288 549 2353 editores
571 2289 655 2352 inter
677 2308 712 2352 se
735 2287 928 2352 dissentiunt
951 2293 984 2351 et
999 2288 1055 2352 alii
1071 2288 1169 2352 aliam
1184 2287 1356 2351 lectionem

174 2409 180 2416 '
219 2401 252 2460 et
275 2394 525 2478 explicationem
547 2393 580 2456 in
601 2391 743 2456 medium
765 2393 982 2475 protulerunt,
1016 2392 1063 2454 ita
1090 2396 1127 2453 ut
1155 2389 1211 2452 vix
1234 2394 1355 2452 certum

219 2497 342 2586 aliquid
365 2502 506 2561 statuere
529 2497 697 2581 possimus.
732 2495 829 2561 Ribb.
845 2494 1068 2579 gradationem
1083 2494 1143 2557 hoc
1159 2493 1229 2556 loco
1246 2511 1355 2554 neces-

219 2604 336 2667 sariam
352 2600 529 2666 desiderari
545 2598 727 2684 contendit3
743 2600 801 2664 sed
814 2601 898 2666 hanc
913 2600 1097 2684 opinionem
1112 2597 1190 2661 satis
1206 2596 1255 2678 iis,
1272 2615 1354 2679 quae

215 2707 284 2792 jam
306 2725 404 2790 supra
426 2705 579 2786 diximus,
595 2706 785 2769 rututatam
807 2724 877 2769 esse
900 2708 1059 2790 putamus.
1083 2702 1123 2766 cf.
1145 2722 1177 2785 p.
1203 2699 1251 2764 14.

321 2809 499 2874 Praeterea
521 2808 621 2872 exiis
644 2808 740 2890 locis,
763 2809 825 2892 qui.
839 2808 1004 2892 Appuliae
1027 2804 1183 2890 quasdam
1206 2803 1354 2885 regiones

218 2913 343 2978 fertiles
365 2911 464 2976 fuisse
487 2910 670 3002 ostendunt,
693 2932 758 2976 non
781 2912 934 2995 sequitur,
958 2915 1060 2974 totam
1075 2908 1228 2993 Apuliam
1245 2905 1354 2970 fecun-

219 3016 320 3081 ditate
342 3017 402 3080 illa
423 3015 582 3099 insignem
604 3015 716 3098 fuisse3
752 3015 848 3080 immo
878 3033 997 3098 magna
1027 3013 1096 3097 ejus
1128 3031 1203 3096 pars
1237 3027 1354 3089 aspera

219 3121 280 3185 fuit
313 3140 351 3184 ac
384 3118 521 3202 sterilis,
555 3139 651 3204 quum
680 3119 824 3183 Atabulo
854 3122 951 3182 vento
985 3120 1157 3182 vexaretur
1168 3111 1202 3191 ¹).
1255 3112 1355 3204 Tales

219 3224 317 3308 igitur
338 3223 489 3307 regiones·
510 3223 600 3307 parvi
623 3223 810 3286 aestimatas
833 3223 932 3286 fuisse
949 3227 982 3285 et
997 3240 1095 3304 saepe
1111 3219 1234 3282 minore
1249 3217 1354 3308 pretio

220 3329 358 3411 stetisse,
382 3348 477 3413 quam
498 3327 616 3391 multos
639 3346 734 3410 agros
750 3327 996 3412 provinciarum,
1020 3344 1101 3409 quae
1117 3328 1211 3387 extra
1224 3321 1354 3385 Italiam

220 3434 359 3515 fuerunt,
381 3432 449 3496 veri
472 3437 521 3495 est
544 3430 752 3495 simillimum.
1290 3435 1294 3454 ⁴

322 3534 495 3602 Ribbechii
518 3534 624 3617 lectio,
647 3552 730 3618 quae
753 3541 818 3598 est:

489 3659 549 3703 nec
571 3639 702 3722 majoris
726 3659 760 3702 se
782 3639 928 3723 Appulia
948 3635 1070 3718 vendit,

219 3745 352 3811 nimiam
374 3742 506 3808 exhibet
528 3742 750 3827 hyperbolem.

322 3870 353 3913 v.
375 3848 417 3913 28
440 3867 503 3932 sq.:

376 3951 488 4035 quales
511 3956 587 4017 tunc
609 3949 722 4035 epulas
744 3949 851 4034 ipsum
873 3949 1008 4032 glutisse
1030 3953 1180 4032 putamus

373 4053 640 4139 Induperatorem
656 4103 762 4119 .....

322 4159 374 4225 De
407 4159 537 4224 nomine
570 4160 771 4226 substantivo
810 4155 1106 4244 ,induperatorem“
1142 4154 1207 4220 vid.
1242 4174 1354 4219 comm.

220 4284 287 4328 var.
310 4265 333 4329 1.
356 4286 382 4328 c.
405 4285 438 4351 p.
464 4261 570 4343 105²).

325 4418 354 4486 l)
373 4416 405 4471 ot.
424 4415 488 4470 Hor.
507 4420 555 4471 sat,
573 4415 593 4485 I,
611 4417 637 4487 5,
654 4419 687 4471 77
706 4433 742 4473 ss.
777 4415 866 4472 Senec
888 4415 1023 4487 epistol,
1040 4414 1081 4467 91.

323 4504 351 4575 2)
368 4503 400 4560 ct.
418 4503 530 4573 Rupert.
547 4501 565 4558 t
583 4518 607 4559 c.
624 4519 651 4574 p.
671 4506 728 4560 171.
