3076 4762
687 292 904 362 ...32..

336 459 405 540 Quo
421 459 516 528 modo
531 464 566 528 hi
580 485 691 532 versus
707 488 779 534 cum
795 468 846 551 iis,
870 470 924 554 qui
940 469 1146 558 antecedunt,
1165 475 1368 562 cohaereant,

233 563 415 631 Teuffelius
438 567 461 631 l.
485 589 511 632 0.
533 591 565 654 p.
589 569 652 635 259
675 573 833 656 exposuit.
866 573 1019 660 Primum,
1042 584 1087 661 ut,
1111 580 1187 665 quid
1209 581 1249 646 de
1270 586 1368 648 versi·

230 669 291 734 bus
317 671 375 736 111
400 672 747 738 6111261611611610
776 677 835 758 sit,
869 675 1028 763 dicamus,
1062 683 1242 750 alienarum
1270 687 1366 752 inter-

230 775 446 859 pretationum
469 777 610 859 speciem
633 798 688 842 606
712 779 955 862 praeseferre
980 803 1162 870 censemus,
1193 810 1306 874 quum,
1331 798 1367 856 ut

229 883 317 942 16016
340 877 379 943 Β.
402 878 512 964 Lupus
530 879 704 964 judicavit,
737 883 836 947 verbo
870 885 914 964 ,si
945 886 1014 970 quis
1048 888 1081 953 in
1112 889 1261 956 aedicula
1289 893 1367 958 deus

228 980 359 1048 unicus“
396 983 559 1067 explicent
596 985 642 1064 ,si
665 984 750 1069 quod
773 987 953 1070 spectabile
976 989 1135 1075 signum,“
1172 995 1255 1058 alter
1277 996 1368 1062 addi·

229 1085 313 1151 derit
349 1086 448 1167 ,haec
482 1087 568 1151 enim
601 1095 675 1152 sunt
709 1109 766 1173 pro
801 1090 966 1175 summis,“
1010 1095 1126 1160 tertius
1164 1119 1256 1179 ,nam
1292 1107 1367 1164 suut

229 1189 311 1255 haec
332 1189 507 1273 maxima,“
546 1197 578 1254 61
600 1212 711 1257 versus
734 1194 889 1279 explendi
913 1217 1010 1261 causa
1036 1198 1213 1285 ,despicias
1236 1201 1288 1268 tu“
1325 1224 1367 1268 ex

228 1313 259 1358 v.
290 1294 353 1360 114
386 1295 447 1358 hoc
480 1294 550 1359 loco
584 1297 724 1379 positum
758 1295 842 1380 sit¹).
886 1298 1014 1365 Deinde
1048 1303 1082 1367 iu
1112 1325 1194 1369 vers.
1219 1308 1281 1372 116
1316 1328 1366 1392 sq.

226 1397 323 1463 Ribb.
356 1397 552 1482 adjectivum
582 1399 763 1479 desiderat,
798 1422 860 1487 quo
891 1423 1004 1489 causa,
1039 1428 1094 1471 cur
1123 1409 1267 1474 Gallicus
1296 1411 1366 1476 axis

208 1501 455 1587 ‘Illyricumque
493 1502 577 1567 latus
612 1504 789 1569 timendum
822 1506 879 1589 sit,
916 1507 1085 1576 indicetur.
1141 1512 1207 1577 Sed
1241 1519 1276 1578 ut
1306 1514 1365 1598 VI,

227 1601 290 1670 297
314 1604 536 1687 (,cor0uatum
559 1614 591 1672 et
613 1609 762 1692 petulans
783 1609 1056 1695 madidumque“),
1079 1614 1165 1698 quod
1188 1617 1229 1681 ad
1244 1618 1365 1681 Taren·

226 1713 296 1772 tum
319 1711 503 1794 appositum
527 1716 585 1793 est,
609 1712 651 1776 ad
677 1712 843 1794 ,Sybarim
867 1734 1007 1799 quoque,
1028 1715 1196 1802 Rhodum,
1218 1720 1366 1786 Miletum

230 1813 374 1898 respicit,
398 1814 443 1878 sic
465 1814 526 1879 hoo
548 1814 619 1878 loco
646 1816 811 1895 ,horrida“
838 1816 880 1881 ad
895 1817 1057 1884 Gallicum
1079 1841 1174 1885 axem
1187 1823 1367 1905 Illyricum-

231 1938 293 2002 que
316 1918 402 1981 latus
423 1919 575 2001 pertinet.
620 1921 727 1995 Quare
750 1921 857 1985 verbis
884 1920 990 2002 ,axis“
1022 1928 1055 1987 et
1081 1923 1201 2005 ,latus“
1227 1927 1366 1993 similem

226 2022 301 2104 vim,
324 2041 407 2105 quae
430 2020 589 2106 adjectivo
617 2023 782 2103 ,horrida“
809 2025 909 2107 inest,
932 2025 1115 2110 vindicare,
1146 2030 1366 2093 necessarium

226 2129 373 2189 nonest.
419 2125 581 2190 Gallicum
604 2147 699 2191 axem
728 2134 835 2192 autem
867 2128 930 2192 dici
953 2129 1112 2213 Galliam,
1143 2137 1179 2196 ut
1200 2133 1367 2219 illyricum

226 2249 300 2292 mox
317 2228 481 2310 Illyricum
497 2230 592 2314 latus,
615 2236 702 2295 16616
724 2231 848 2295 monuit
869 2232 953 2316 Rup.
969 2233 992 2296 l.
1016 2254 1041 2297 0.
1057 2255 1089 2320 p.
1105 2233 1222 2317 481.²).
1245 2237 1287 2302 V.
1305 2239 1367 2304 119

226 2353 273 2418 sq.
297 2332 337 2397 de
361 2332 475 2418 quibus
497 2333 594 2399 Ribb.
617 2334 746 2399 uberius
771 2334 938 2417 disseruit,
969 2357 1027 2420 per
1049 2338 1262 2422 hyperbolem
1284 2341 1363 2405 dicti

224 2443 314 2521 sunt,
338 2458 374 2501 60
396 2438 544 2521 profecto
566 2439 616 2503 vir
638 2437 749 2502 doctus
773 2443 821 2502 tot
842 2438 942 2503 verba
964 2460 1030 2503 non
1053 2440 1198 2524 16010661,
1225 2441 1304 2524 uisi,
1326 2447 1362 2504 ut

210 2542 284 2606 ‘hos
306 2563 416 2608 versus
439 2542 564 2628 spurios
587 2562 657 2606 esse
680 2541 931 2625 demonstraret,
963 2563 1075 2608 causas
1098 2545 1243 2628 quolibet
1265 2543 1361 2608 modo

225 2645 446 2729 quaesivisset.
483 2645 524 2711 V.
550 2645 820 2711 121-1246616
843 2647 1073 2738 supervacanei
1096 2667 1168 2714 esse
1190 2647 1362 2713 videantur

226 2771 323 2834 quum
345 2749 583 2833 antecedentia,
617 2771 713 2814 versu
745 2750 807 2815 124
834 2756 988 2836 excepto,
1022 2771 1118 2834 quem
1145 2772 1216 2816 cum
1242 2751 1362 2817 Jahnio

160 2930 164 2936 ι
225 2855 368 2938 spurium
386 2854 582 2938 judicamus,
616 2855 795 2938 generatim
817 2855 1110 2940 comprehendaut;
1143 2855 1202 2920 sed
1225 2843 1297 2920 eam
1319 2854 1360 2918 ob

225 2978 353 3022 causam
374 2956 454 3022 fides
478 2979 587 3023 eorum
610 2959 644 3022 in
667 2958 799 3023 dubium
813 2979 877 3023 uon
892 2958 1038 3023 vocanda
1052 2965 1111 3042 est,
1134 2960 1210 3044 quia
1224 2958 1361 3022 strictio·

223 3077 275 3126 166
297 3060 390 3126 reddi
412 3083 509 3147 posse
531 3062 657 3146 aliquos
681 3062 779 3145 10006,
803 3061 905 3126 61616
920 3061 1060 3128 dictione
1074 3062 1242 3128 Juvenalis
1264 3061 1361 3126 facile

224 3171 371 3250 apparet.

326 3267 395 3333 Der
416 3269 680 3354 Rhetorsohsrler,
704 3271 808 3357 inquit
830 3271 946 3355 Ribb.,
979 3269 1110 3335 vemtith
1133 3269 1202 3335 sich
1225 3269 1283 3336 auf
1303 3268 1361 3334 das

223 3372 521 3456 Handgreitlichste
537 3373 637 3440 durch
654 3375 706 3440 die
721 3375 1004 3459 Unterscheidung
1024 3373 1183 3438 zwischen
1198 3373 1361 3438 sententia

222 3472 289 3542 und
310 3497 431 3542 verum.
458 3476 566 3542 Valde
589 3479 742 3545 miramur
763 3481 848 3546 hanc
870 3479 1071 3564 opinionem3
1095 3499 1150 3542 eur
1172 3478 1258 3542 enim
1280 3477 1361 3542 haee

223 3581 323 3646 verba
345 3580 484 3646 rhetoris
507 3581 683 3666 discipulo,
714 3590 750 3648 ut
772 3586 820 3650 ita
842 3584 963 3666 dicam,
996 3582 1093 3647 Ribb.
1116 3581 1258 3647 tribuere
1280 3581 1360 3660 vult,

223 3705 288 3752 non
310 3684 473 3767 Juvenali,
497 3706 592 3771 quem
613 3693 716 3752 totum
738 3689 900 3752 rhetorem
923 3706 1005 3769 6606,
1028 3706 1140 3750 omnes
1157 3686 1227 3769 ejus
1242 3685 1359 3751 satirae

222 3788 382 3874 probant?
411 3789 507 3855 Oerte
530 3790 644 3856 eodem
661 3791 736 3875 jure
759 3791 931 3873 distinctio,
956 3809 1037 3874 quae
1060 3791 1145 3854 inter
1167 3790 1360 3856 sententiam

223 3901 256 3960 et
276 3915 388 3959 verum
410 3893 454 3977 fit,
476 3895 628 3960 rhetorici
651 3896 754 3960 nostri
776 3900 893 3980 poetae
916 3915 988 3959 esse
1011 3893 1162 3959 contendi
1184 3898 1301 3979 potest.

237 4045 242 4056 .
324 3998 468 4064 Pluralis
495 3999 623 4081 ,vobis“
650 4001 789 4086 denique
812 4000 873 4065 hoc
896 3999 967 4065 1000
990 3998 1114 4063 nullam
1135 3997 1235 4080 habet
1258 3995 1360 4061 offen·

327 4253 402 4323 1161.
420 4254 549 4314 1161161.
569 4271 591 4314 6.
610 4271 636 4324 p.
656 4257 716 4315 326.
751 4256 822 4326 Rup.
840 4256 860 4314 l.
879 4272 903 4314 0.
921 4273 948 4325 p.
966 4255 1027 4314 480.

326 4340 353 4408 2)
371 4340 411 4395 Ι)6
430 4341 532 4397 Galliae
549 4341 649 4412 frigore
668 4344 702 4402 61.
721 4345 798 4404 Caes.
816 4344 879 4404 bell.
899 4343 966 4402 Gall.
985 4344 1006 4414 l,
1033 4343 1075 4401 16.
1097 4340 1148 4410 IV,
1174 4341 1217 4400 20.
1254 4341 1307 4400 Cic
1326 4341 1360 4396 de

222 4439 296 4492 prov.
314 4441 386 4484 cons.
405 4443 430 4485 0.
450 4429 491 4486 12.
