3076 4762
680 1205 829 1312 Satira
864 1208 900 1312 l.

330 1421 369 1484 V.
395 1419 452 1484 14:

386 1529 553 1608 exspectes
577 1522 690 1586 eadem
714 1542 734 1584 a
756 1542 877 1588 summo
900 1521 1096 1604 minimoque
1117 1527 1223 1606 poeta.

328 1627 525 1694 Ribbeokius
561 1626 646 1706 „Der
668 1627 761 1692 tichte
783 1626 850 1689 und
879 1627 1016 1690 una'chte
1038 1623 1196 1691 Juvenal‘
1233 1646 1265 1709 p.
1298 1625 1359 1690 116

227 1733 286 1796 ait:
311 1752 344 1794 cs
360 1733 401 1796 ist
416 1754 476 1795 nur
492 1733 563 1796 eine
578 1737 679 1794 matta
696 1729 1018 1814 Oapiteliibersohrift
1039 1730 1116 1794 oder
1134 1730 1206 1798 eine
1223 1729 1362 1812 Summe,

226 1835 278 1900 die
301 1857 358 1899 aus
382 1836 445 1899 den
468 1841 574 1900 ersten
600 1837 640 1900 13
662 1834 787 1898 Versen
811 1854 953 1917 gezogen
976 1835 1028 1898 ist.
1056 1834 1141 1899 Sane
1165 1834 1217 1898 hic
1239 1855 1361 1916 versus,

225 1941 286 2004 nisi
303 1939 464 2004 codicibus
481 1944 626 2002 servatus
642 1942 737 2020 esset,
753 1939 885 2003 minime
901 1938 1154 2020 desideraretur,
1178 1937 1235 2001 sed
1251 1958 1362 2002 omnes

223 2044 391 2109 Juvenalis
415 2042 584 2106 satirarum
607 2041 746 2106 editores
776 2062 850 2106 eum
876 2043 1093 2123 retinuerunt,
1125 2042 1277 2125 permulti
1308 2063 1362 2106 ex-

225 2149 427 2232 plicaverunt
435 2143 469 2224 ¹).

327 2249 401 2314 dam
428 2269 503 2314 1010
531 2255 655 2313 tantum
688 2249 794 2331 abest,
828 2254 864 2313 ut
896 2249 981 2313 hune
1014 2269 1142 2312 versum
1176 2248 1363 2334 languidum

224 2353 376 2436 dicamus,
399 2360 435 2418 ut
451 2374 625 2436 0011011111,
650 2354 704 2440 qui
720 2351 924 2435 antecedunt,
948 2374 1019 2417 cum
1034 2353 1083 2435 iis,
1107 2354 1161 2437 qui
1177 2359 1363 2438 sequuntur,

224 2459 388 2542 aptissime
422 2459 568 2522 connecti
601 2457 816 2544 profiteamur.
860 2457 950 2521 Dicit
976 2457 1062 2520 enim
1089 2461 1203 2539 poeta:
1239 2457 1285 2521 ita
1311 2478 1363 2522 me

220 2583 350 2646 semper
372 2568 491 2628 vexant
514 2563 655 2625 carmina
679 2582 803 2643 eorum,
840 2561 894 2648 qui
926 2560 1040 2624 eadem
1073 2560 1141 2624 fere
1175 2566 1365 2644 argumenta

224 2665 401 2749 iisdemque
436 2664 595 2728 coloribus
631 2664 820 2729 adumbrata
849 2670 1002 2746 tractant,
1034 2670 1070 2728 ut
1101 2665 1222 2728 nemini
1251 2664 1363 2728 domus

224 2789 283 2832 sua
304 2769 406 2852 magis
429 2774 506 2832 nota
529 2769 580 2850 sit,
604 2789 700 2855 quam
722 2770 801 2834 mihi
817 2770 906 2833 lucus
924 2768 1048 2850 Martis,
1073 2773 1200 2831 antrum
1214 2768 1365 2852 Vulcani,

224 2878 342 2936 cetera.
387 2872 500 2956 Neque
524 2872 642 2955 solum,
677 2873 732 2957 qui
760 2872 832 2956 jure
856 2893 892 2936 ac
918 2872 1032 2936 merito
1055 2877 1172 2955 poetae
1200 2878 1364 2956 1000111111,

223 2977 280 3041 sed
297 2977 404 3058 etiam,
421 2977 478 3060 qui
494 2976 571 3040 artis
586 2977 731 3060 poeticae
745 2981 894 3062 expertes
906 2981 991 3058 sunt,
1007 2975 1149 3040 earmina
1161 2983 1365 3062 componunt.

223 3081 339 3144 Nonne
354 3081 461 3164 igitur,
485 3080 629 3165 quamvis
651 3081 803 3146 mediocri
825 3081 954 3165 ingenio
970 3080 1147 3163 praeditus,
1171 3080 1268 3145 licere
1284 3081 1363 3144 mihi

226 3182 336 3248 ducam
360 3184 447 3249 idem
469 3182 628 3264 faciendi,
652 3184 707 3270 qui
729 3183 840 3248 ludum
863 3185 1043 3248 litterarum
1066 3189 1099 3248 et
1122 3185 1267 3249 scholam
1289 3187 1362 3250 rhe-

226 3288 360 3352 toricam
382 3287 677 3376 frequentaverim?

328 3391 379 3454 lta
399 3393 460 3456 hoc
482 3412 578 3457 versu
600 3392 773 3456 facillimus
796 3397 1015 3474 transgressus
1040 3391 1185 3456 efficitur.

329 3493 501 3560 Oonnexus
532 3502 640 3560 autem
671 3497 785 3560 horum
817 3516 982 3578 versuum,
1017 3516 1109 3580 quem
1132 3495 1307 3580 Rupertius
1330 3497 1363 3560 in

226 3598 451 3662 commentario
489 3599 530 3662 ad
567 3599 737 3664 Juvenalis
775 3600 890 3663 satiras
926 3621 957 3684 p.
992 3601 1029 3664 11
1075 3605 1216 3664 statuere
1253 3600 1365 3683 voluit,

225 3700 355 3763 minime
378 3702 470 3766 nobis
499 3704 619 3787 placet.
664 3704 717 3768 Sic
741 3704 826 3768 enim
858 3704 1017 3788 explicat:
1050 3724 1126 3788 ergo
1149 3709 1186 3767 ut
1208 3702 1322 3768 eadem
1344 3727 1365 3767 a

224 3824 275 3866 me
300 3811 483 3889 exspectes,
513 3813 549 3870 ut
582 3809 724 3872 carmina
747 3808 921 3890 aliquando
945 3810 1085 3874 scribere
1108 3829 1237 3893 possem
1261 3815 1293 3872 et
1314 3830 1364 3872 re·

226 3909 335 3990 citare,
359 3913 392 3972 et
415 3911 490 3993 quia
512 3910 693 3976 insanabile
718 3910 882 3994 [studium]
907 3912 1068 3977 scribendi
1091 3913 1251 3993 carmina,
1273 3918 1364 3997 poet·

226 4012 312 4094 andi,
335 4034 428 4102 nunc
442 4019 531 4077 tenet
553 4019 602 4078 tot
625 4014 785 4098 homines,
810 4017 909 4081 etiam
931 4037 991 4100 ego
1015 4015 1094 4080 etc.“
1142 4016 1227 4080 Nam
1249 4024 1284 4081 ut
1306 4016 1363 4080 ho·

226 4117 327 4180 mines
351 4117 466 4181 eadem
488 4119 629 4182 carmina
645 4139 665 4183 a
680 4140 713 4184 se
731 4127 967 4205 exspectarent,
992 4141 1074 4206 quae
1091 4141 1202 4185 omnes
1220 4120 1365 4204 ejusdem

330 4355 355 4424 1)
373 4355 432 4410 vide
456 4356 517 4414 edit.
542 4355 657 4411 Cornelii
680 4356 825 4413 Schrevelii
848 4375 873 4426 p.
900 4360 923 4412 3.
960 4358 1022 4415 edit.
1046 4359 1079 4415 H.
1100 4359 1129 4413 Ο.
1147 4357 1274 4412 Henninii
1298 4373 1324 4426 p.
1344 4360 1369 4412 3.

227 4440 290 4496 edit.
308 4441 364 4498 Jos.
382 4443 492 4500 Juvenc
511 4460 539 4513 p.
556 4447 580 4500 6.
