3076 4762
662 321 879 390 ..37-

208 520 337 565 causam
358 519 424 564 non
452 497 607 562 videmus.
653 497 831 563 Consilium
861 496 963 577 enim,
1000 492 1087 579 quod
1117 493 1167 558 his
1197 493 1343 558 versibus

207 603 405 683 continetur,
440 622 504 665 non
533 601 678 666 Naevclo
706 600 768 664 soli
798 599 927 680 datum,
961 597 1019 663 sed
1047 619 1213 663 commune
1245 596 1342 683 eat¹)3

207 727 305 790 quare
327 706 474 790 pathicus
497 706 554 770 ille
577 706 647 790 ipse
670 725 699 770 u.
721 703 782 769 124
804 702 895 766 dicit:
921 703 1021 783 ,utile
1046 702 1213 767 consilium
1235 701 1341 786 modo,

83 863 87 872 .
208 809 265 874 sed
288 807 631 892 commune'dedisti;“
669 809 723 893 qui
753 828 865 872 versus
895 807 923 871 si
951 807 1093 891 ojicitur,
1123 812 1341 890 transgressus

207 912 249 978 ad
270 913 409 978 Naevoli
430 933 620 998 responsum
643 912 852 977 desideratur.

643 1202 792 1310 Satira
827 1203 906 1308 XI.

309 1435 355 1499 Ut
380 1433 498 1498 satirae
521 1433 579 1514 IV,
603 1431 649 1496 sio
671 1430 766 1514 hujus
789 1429 908 1493 satirae
931 1428 1129 1514 prooemium
1143 1427 1241 1494 Ribb.
1264 1427 1302 1508 (l.
1316 1448 1343 1491 c.

206 1560 238 1622 p.
262 1539 305 1602 83
327 1535 384 1617 ss.)
406 1536 645 1621 interpolatoris
669 1554 739 1599 esse
762 1533 984 1598 demonstrare
1007 1530 1124 1596 studet.
1170 1531 1235 1598 Sed
1259 1551 1342 1616 qnae

205 1642 254 1704 vir
276 1642 333 1705 ille
357 1640 468 1705 doctus
492 1625 679 1725 disputavit,
703 1638 790 1703 clare
806 1635 932 1718 docent,
955 1656 1028 1700 eum
1050 1656 1114 1698 non
1131 1635 1343 1716 intellexisse,

207 1765 289 1829 quaa
312 1751 383 1809 arta
405 1745 637 1809 sententiarum
659 1743 740 1807 ratio
764 1743 848 1805 inter
872 1739 950 1804 duas
973 1739 1069 1822 hujus
1093 1739 1212 1804 satirae
1234 1746 1342 1824 partes

206 1848 395 1914 intercedat.
417 1848 602 1933 Antequam
625 1847 721 1930 igitur
744 1846 786 1910 ad
808 1845 937 1930 singula
959 1844 1133 1910 Ribbeckii
1155 1853 1345 1930 argumenta

206 1952 376 2017 refutanda
398 1951 661 2034 transgredimur,
684 1951 794 2036 paucis
819 1949 912 2014 nobis
928 1948 1142 2015 videturesse
1162 1950 1343 2033 dicendum,

207 2077 269 2141 quo
292 2056 387 2122 modo
410 2057 472 2121 hoc
494 2056 682 2153 procenium
705 2075 776 2120 cum
798 2055 899 2118 satira
921 2054 993 2138 ipsa
1016 2054 1197 2120 cohaereat.

309 2159 479 2226 luvenalis
506 2161 671 2226 Persicum
702 2158 863 2244 quendam
894 2156 935 2222 ad
959 2178 1092 2222 coenam
1115 2158 1274 2242 frugalem
1297 2160 1345 2224 in·

206 2264 379 2347 vitaturus,
403 2286 482 2349 quos
506 2265 593 2330 cibos
616 2263 794 2348 paraverit,
818 2282 900 2346 quae
923 2262 999 2328 vina
1020 2263 1262 2346 permiscuerit,
1285 2265 1343 2328 mi·

206 2369 333 2451 nistros,
356 2369 594 2452 supellectilem
617 2368 720 2452 qualis
745 2367 797 2449 sit,
820 2367 926 2430 facete
949 2371 982 2430 et
999 2365 1112 2448 jocose
1136 2365 1289 2432 describit
1312 2372 1345 2432 et

206 2471 337 2555 oblique
359 2473 516 2556 majorum
539 2475 641 2540 victus
664 2477 696 2536 et
712 2471 858 2536 convivia
873 2469 1023 2534 laudibus
1039 2470 1145 2535 effert.
1167 2471 1218 2536 Ne
1237 2476 1344 2536 autem

205 2575 354 2640 Persicus
385 2577 444 2640 hos
479 2576 641 2658 simplices
675 2580 850 2660 apparatus
884 2574 1035 2655 miretur,
1068 2579 1167 2659 poeta
1195 2575 1344 2660 quasise

206 2678 382 2742 excusandi
397 2700 494 2744 causa
508 2679 708 2764 praeclaram
719 2679 810 2744 illam
829 2679 1024 2742 sententiam
1043 2684 1165 2762 ,proisit
1178 2677 1346 2763 crovadv“,

207 2803 302 2866 quam
325 2783 445 2846 nemini
468 2803 539 2847 esse
561 2782 792 2867 negligendam
815 2783 973 2869 exemplis
995 2781 1104 2847 allatis
1127 2783 1160 2848 in
1181 2785 1343 2867 prooemio

206 2907 277 2950 cum
299 2886 402 2951 ironia
426 2886 566 2971 quadam
588 2887 789 2968 declaratur,
822 2908 852 2952 r.
876 2888 917 2954 56
941 2909 983 2952 ss.
1013 2886 1053 2952 ab
1086 2887 1155 2972 ipso
1180 2887 1344 2953 observari

205 2989 291 3054 dicit.
337 2990 445 3066 Quare
468 3011 565 3075 quum
588 2990 656 3076 ipse
679 3012 785 3056 rerum
814 3011 875 3056 usu
896 2990 1008 3056 doctus
1031 2991 1229 3057 sententiam
1252 2992 1344 3058 illam

205 3095 351 3160 omnibus
372 3095 408 3158 in
430 3093 526 3158 rebus
549 3101 718 3178 sequatur,
751 3114 858 3179 neque
880 3115 1022 3180 unquam
1044 3093 1122 3179 quid
1144 3095 1231 3160 ultra
1258 3096 1342 3162 vires

205 3198 260 3260 vel
282 3199 391 3282 copias
414 3199 579 3282 suscipiat,
601 3199 721 3264 amicus
743 3219 877 3284 magnos
901 3204 1075 3283 apparatus
1097 3220 1138 3264 ne
1163 3207 1340 3286 exspectet.

310 3302 363 3366 Sic
385 3322 415 3366 v.
434 3302 538 3369 1-55
561 3323 632 3367 oum
647 3302 856 3388 sequentibus
872 3303 1031 3368 artissime
1047 3303 1231 3368 cohaerent.
1256 3304 1341 3381 Quo-

206 3403 311 3468 minus
344 3410 451 3470 autem
486 3428 557 3472 oum
578 3406 759 3472 Ribbeokio
789 3407 873 3472 hanc
902 3397 1036 3470 satiram
1064 3426 1202 3472 aversa
1223 3406 1265 3474 56
1294 3410 1342 3474 in·

207 3507 381 3591 oipiamus,
414 3509 448 3573 id
478 3531 536 3575 nos
560 3511 714 3595 impedit,
748 3510 834 3596 quod
869 3510 1106 3594 ,pulcherrima
1128 3510 1246 3595 diotu“,
1281 3513 1342 3578 nisi

206 3611 368 3694 versibus,
403 3612 458 3696 qui
480 3615 692 3697 antecedunt,
726 3614 959 3699 explicaretur,
989 3615 1218 3700 perobscurum
1242 3623 1343 3701 esset,

207 3734 307 3798 quare
339 3716 419 3780 scire
448 3716 600 3800 velimus,
633 3739 729 3803 quam
758 3719 936 3784 notionem.
950 3719 1047 3785 Ribb.
1079 3725 1145 3785 toto
1180 3721 1343 3805 prooemio

207 3818 311 3902 ejecto
333 3819 384 3884 his
407 3820 514 3885 verbis
536 3821 717 3906 subjectum
740 3843 812 3888 esse
836 3822 1019 3888 contendat.
1047 3822 1236 3909 Respiciant
1258 3825 1344 3890 enim

208 3945 341 3989 necesse
364 3929 413 3988 est
437 3924 478 3989 ad
494 3927 687 3992 sententiam
702 3948 797 3992 versu
810 3926 852 3992 27
869 3927 1118 4012 pronuntiatam,
1142 3933 1175 3994 et
1194 3950 1345 3996 numerus

213 4029 349 4112 pluralis
372 4048 431 4113 pro
454 4029 610 4112 singulari
632 4031 755 4114 positus
778 4027 874 4111 est2).

309 4133 384 4198 Jam
406 4137 611 4197 transeuntes
635 4133 676 4197 ad
699 4135 844 4217 singula,
874 4133 989 4220 quibus
1012 4135 1108 4204 Ribb.
1132 4137 1262 4202 innixus
1285 4143 1345 4221 est,

311 4372 337 4442 1)
355 4371 386 4428 ci.
405 4388 471 4428 com.
489 4387 545 4428 var.
563 4373 580 4428 l.
599 4390 621 4429 o.
638 4389 665 4442 p.
684 4374 743 4427 310.

311 4458 477 4530 mapa
